@article{Maffezioli,
	title={The {C}hurch--{F}itch knowability paradox in the light of structural proof theory},
	author={Maffezioli, Paolo and Naibo, Alberto and Negri, Sara},
	journal={Synthese},
	volume={190},
	number={14},
	pages={2677--2716},
	year={2013},
	publisher={Springer}
}
