@INPROCEEDINGS{self,
  author = {First Author and Second Author},
  title = {This is the title of the paper},
  booktitle = {Proceedings of Advances in Modal Logic},
  year = {2014},
  publisher = {College Publications},
  pages = {1--2}
}

@unpublished{marin:morales:strassburger:hal,
	title = {{A fully labelled proof system for intuitionistic modal logics}},
	author = {Marin, Sonia and Morales, Marianela and Stra{\ss}burger, Lutz},
	note = {working paper or preprint},
	year = {2019},
}
url = {https://hal.inria.fr/hal-02390454},

@article{kuznets:strassburger:maehara,
	author = {Roman Kuznets and Lutz Stra{\ss}burger},
	title = {Maehara-style modal nested calculi},
	journal = {Archive for Mathematical Logic},
	year = {2018},
	volume = {58},
	pages = {359--385},
}

@article{kashima1994cut,
  title={Cut-free sequent calculi for some tense logics},
  author={Kashima, Ryo},
  journal={Studia Logica},
  pages={119--135},
  year={1994},
  publisher={JSTOR}
}

@incollection{poggiolesi2009method,
  title={The method of tree-hypersequents for modal propositional logic},
  author={Poggiolesi, Francesca},
  booktitle={Towards mathematical philosophy},
  pages={31--51},
  year={2009},
  publisher={Springer}
}

@article{brunnler2009deep,
  title={Deep sequent systems for modal logic},
  author={Br{\"u}nnler, Kai},
  journal={Archive for Mathematical Logic},
  volume={48},
  number={6},
  pages={551--577},
  year={2009},
  publisher={Springer}
}

@article{bierman2000,
  author    = {Gavin M. Bierman and Valeria de Paiva},
  title     = {On an Intuitionistic Modal Logic},
  journal   = {Studia Logica},
  volume    = {65},
  number    = {3},
  year      = {2000},
  pages     = {383--416},
  url       = {https://doi.org/10.1023/A:1005291931660},
  doi       = {10.1023/A:1005291931660},
}

@PhDthesis{simpson1994,
  title={The proof theory and semantics of intuitionistic modal logic},
  author={Simpson, Alex K},
  year={1994},
  school={University of Edinburgh. College of Science and Engineering.}
}

@inproceedings{plotkin1986,
  title={A framework for intuitionistic modal logics},
  author={Plotkin, Gordon and Stirling, Colin},
  booktitle={Proceedings of the 1st Conference on Theoretical Aspects of Reasoning about Knowledge (TARK)},
  pages={399--406},
  year={1986}
}

@article{ewald1986,
  title={Intuitionistic tense and modal logic},
  author={Ewald, WB},
  journal={The Journal of Symbolic Logic},
  volume={51},
  number={1},
  pages={166--179},
  year={1986},
  publisher={Cambridge University Press}
}

@article{fischer1984,
  title={Axiomatizations for some intuitionistic modal logics},
  author={Fischer Servi, Gis\`ele},
  journal={Rend. Sem. Mat. Univers. Politecn. Torino},
  volume={42},
  number={3},
  pages={179--194},
  year={1984}
}

@article{bierman2000,
	author    = {Gavin M. Bierman and Valeria de Paiva},
	title     = {On an Intuitionistic Modal Logic},
	journal   = {Studia Logica},
	volume    = {65},
	number    = {3},
	year      = {2000},
	pages     = {383--416},
	url       = {https://doi.org/10.1023/A:1005291931660},
	doi       = {10.1023/A:1005291931660},
}

@inproceedings{strassburger2013,
	author    = {Lutz Stra{\ss}burger},
	title     = {Cut Elimination in Nested Sequents for Intuitionistic Modal Logics},
	booktitle = {FoSSaCS'13},
	year      = {2013},
	pages     = {209-224},
	editor    = {Frank Pfenning},
	publisher = {Springer},
	series    = {LNCS},
	volume    = {7794},
}

@PhDthesis{marin2018,
	author = {Sonia Marin},
	title = {Modal proof theory through a focused telescope},
	school = {Universit\'e Paris-Saclay}, 
	year = 2018
}

@article{maffezioli2013,
	title={The {C}hurch--{F}itch knowability paradox in the light of structural proof theory},
	author={Maffezioli, Paolo and Naibo, Alberto and Negri, Sara},
	journal={Synthese},
	volume={190},
	number={14},
	pages={2677--2716},
	year={2013},
	publisher={Springer}
}

@article{gabbay1996,
  title={Labelled deductive systems},
  author={Gabbay, Dov M},
  journal={Clarendon Press},
  year={1996}
}

@article{negri2005,
  title={{P}roof analysis in modal logic},
  author={Negri, Sara},
  journal={Journal of Philosophical Logic},
  volume={34},
  number={5-6},
  pages={107--128},
  year={2005},
  publisher={Springer}
}

@article{vigano2000,
  title={Labelled non-classical logics},
  author={Vigan\`o, Luca},
  year={2000},
  journal={Kluwer Academic Publisher}
}

