@incollection{blackmodal06,
  Author = {P. Blackburn and J. van Benthem},
  Booktitle = {Handbook of Modal Logic},
  Publisher = {Elsevier North-Holland},
  Title = {Modal Logic: A Semantic Perspective},
  Year = {2006}
}

@book{blackburn01,
  address = {Cambridge},
  author = {P. Blackburn and M. de Rijke and Y. Venema},
  publisher = {Cambridge University Press},
  series = {Cambridge Tracts in Theoretical Computer Science},
  title = {Modal Logic},
  volume = 53,
  year = 2001,
  keywords = {imported},
}


@article{frege1879,
  journal={Begriffsschrift, a formula language, modeled upon that of arithmetic, for pure thought},
  author={G. Frege},
  year={1879}
}

@incollection{hilbert1967,
  Author = {D. Hilbert},
  Booktitle = {From Frege to G{\"o}del: A Source Book in Mathematical Logic, 1879-1931, pageg 464-479.},
  Publisher = {Cambridge MA: Harvard University Press},
  Title = {The foundations of mathematics. In Jean van Heijenoort},
  Year = {1967}
}

@article{kripke1963,
  title={Semantical analysis of modal logic i normal modal propositional calculi},
  author={S. Kripke},
  journal={Mathematical Logic Quarterly},
  volume={9},
  number={5-6},
  pages={67--96},
  year={1963},
  publisher={Wiley Online Library}
}

@article{gentzen1934,
  title={Untersuchungen {\"u}ber das logische Schlie{\ss}en. I},
  author={G. Gentzen},
  journal={Mathematische zeitschrift},
  volume={39},
  number={1},
  pages={176--210},
  year={1934},
  publisher={Springer}
}

@incollection{brouwer1920,
  title={Intuitionism and formalism},
  author={L. E. Brouwer},
  booktitle={Philosophy and Foundations of Mathematics},
  pages={123--138},
  year={1920},
  publisher={Elsevier}
}


@book{gabbay1996,
  title={Labelled deductive systems},
  author={D. Gabbay},
  year={1996},
  publisher={Oxford University Press}
}

@article{simpson1994,
  title={The proof theory and semantics of intuitionistic modal logic},
  author={A. Simpson},
  year={1994},
  publisher={University of Edinburgh. College of Science and Engineering. School of Informatics.}
}

@book{vigano2013,
  title={Labelled non-classical logics},
  author={L. Vigano},
  year={2013},
  publisher={Springer Science \& Business Media}
}

@article{negri2005,
  title={Proof analysis in modal logic},
  author={S. Negri},
  journal={Journal of Philosophical Logic},
  volume={34},
  number={5-6},
  pages={507},
  year={2005},
  publisher={Springer}
}

@article{kripke1959,
  title={A completeness theorem in modal logic},
  author={S. Kripke},
  journal={The journal of symbolic logic},
  volume={24},
  number={1},
  pages={1--14},
  year={1959},
  publisher={Cambridge University Press}
}

@article{servi1984,
  title={Axiomatizations for some intuitionistic modal logics},
  author={G. Fischer-Servi},
  journal={Rend. Sem. Mat. Univers. Politecn. Torino},
  volume={42},
  number={3},
  pages={179--194},
  year={1984}
}

@inproceedings{plotkin1986,
  title={A framework for intuitionistic modal logics},
  author={G. Plotkin and C. Stirling},
  booktitle={Proceedings of the 1986 Conference on Theoretical aspects of reasoning about knowledge},
  pages={399--406},
  year={1986},
  organization={Morgan Kaufmann Publishers Inc.}
}

@article{fitch1948,
  title={Intuitionistic modal logic with quantifiers},
  author={F. Fitch},
  journal={Portugaliae mathematica},
  volume={7},
  number={2},
  pages={113--118},
  year={1948},
  publisher={Gazeta de matem{\'a}tica}
}

@book{vandalen2004,
  author    = {D. Van Dalen},
  title     = {Logic and structure},
  edition   = {5th},
  series    = {Universitext},
  publisher = {Springer},
  year      = {2004},
  isbn      = {978-1-4471-4557-8}
}

@article{ewald1986,
  title={Intuitionistic tense and modal logic},
  author={W. B. Ewald},
  journal={The Journal of Symbolic Logic},
  volume={51},
  number={1},
  pages={166--179},
  year={1986},
  publisher={Cambridge University Press}
}

@book{fitting1983,
  title={Proof methods for modal and intuitionistic logics},
  author={M. Fitting},
  volume={169},
  year={1983},
  publisher={Springer Science \& Business Media}
}

@article{brunnler2009,
  title={Deep sequent systems for modal logic},
  author={K. Br{\"u}nnler},
  journal={Archive for Mathematical Logic},
  volume={48},
  number={6},
  pages={551--577},
  year={2009},
  publisher={Springer}
}

@book{avron1996,
  title={The method of hypersequents in the proof theory of propositional non-classical logics},
  author={A. Avron},
  year={1996},
  publisher={Clarendon Press New York, NY, USA}
}

@PHDTHESIS{Stockmeyer74,
   author  = "L. Stockmeyer",
   title   = "The complexity of decision problems in automata theory and logic",
   school  = "MIT",
   type    = "Ph{D} Thesis",
   address = "Cambridge, Mass.",
   year    = 1974
}

@inProceedings{chan:opti77,
   author =    {Chandra, A. and Merlin, P.},
   title =     {Optimal implementation of conjunctive queries in
   relational databases},
   booktitle = {Proceedings of  9th ACM Symposium on Theory of
   Computing},
   year =      1977,
   pages = {77--90},
}

@inproceedings{Vardi82,
   author = {Vardi, M. },
   title = {The Complexity of Relational Query Languages},
   booktitle = {Symposium on Theory of Computing},
   year = {1982},
   pages = {137--146},
   ee        = {http://doi.acm.org/10.1145/800070.802186},
   crossref  = {DBLP:conf/stoc/STOC14},
   bibsource = {DBLP, http://dblp.uni-trier.de}
}

@proceedings{DBLP:conf/stoc/STOC14,
  editor    = {H. Lewis and
               B. Simons and
               W. Burkhard and
               L. Landweber},
  title     = {Proceedings of the 14th Annual ACM Symposium on Theory of
               Computing, May 5-7, 1982, San Francisco, California, USA},
  booktitle = {STOC},
  publisher = {ACM},
  year      = {1982},
  isbn      = {0-89791-070-2},
  bibsource = {DBLP, http://dblp.uni-trier.de}
}

@book{enderton72,
  author    = {H. Enderton},
  title     = {A mathematical introduction to logic},
  publisher = {Academic Press},
  year      = {1972},
  isbn      = {978-0-12-238450-9},
  pages     = {I-XIII, 1-295},
}

@Article{chur:note36,
  author =   {A. Church},
  title =    {A note on the {E}ntscheidungsproblem},
  journal =  {Journal of Symbolic Logic},
  year =   {1936},
  volume =   {1},
  pages =  {40-41}
}

@Article{turi:comp37,
  author =   {A. Turing},
  title =    {On computable numbers, with an application to the `{E}ntscheidungsproblem'},
  journal =    {Proceedings of the London Mathematical Society 2nd.\ series},
  pages =  {230--265},
  year =   1937,
  volume =   42
}

@article{berg:unde66,
   AUTHOR = {R. Berger},
    TITLE = {The undecidability of the domino problem},
  JOURNAL = {Memoirs of the American Mathematical Society},
   VOLUME = {66},
     YEAR = {1966},
    PAGES = {72},
  MRCLASS = {02.74},
 MRNUMBER = {36 #49},
   MRREVR = {J. R. B{\"u}chi},
}

@incollection{martin1982,
  title={Constructive mathematics and computer programming},
  author={P. Martin-L{\"o}f},
  booktitle={Studies in Logic and the Foundations of Mathematics},
  volume={104},
  pages={153--175},
  year={1982},
  publisher={Elsevier}
}

@article{scott1980,
  title={Relating theories of the lambda calculus},
  author={D. S. Scott},
  journal={To HB Curry: Essays on combinatory logic, lambda calculus and formalism},
  pages={403--450},
  year={1980}
}

@article{dummett1991,
  title={The Logical Basis of Metaphysics},
  author={M. Dummett},
  journal={London: Duckworth},
  year={1991}
}

@book{dummett1977,
  title={Elements of intuitionism},
  author={M. Dummett},
  volume={39},
  year={1977},
  publisher={Oxford University Press}
}

@article{benton1998,
  title={Computational types from a logical perspective},
  author={Benton, P. N. and Bierman, G. M. and de Paiva, V.},
  journal={Journal of Functional Programming},
  volume={8},
  number={2},
  pages={177--193},
  year={1998},
  publisher={Cambridge University Press}
}

@article{wijesekera1990,
  title={Constructive modal logics I},
  author={D. Wijesekera},
  journal={Annals of Pure and Applied Logic},
  volume={50},
  number={3},
  pages={271--301},
  year={1990},
  publisher={Elsevier}
}

@article{wijesekera2005,
  title={Tableaux for constructive concurrent dynamic logic},
  author={D. Wijesekera and A. Nerode},
  journal={Annals of Pure and Applied Logic},
  volume={135},
  number={1-3},
  pages={1--72},
  year={2005},
  publisher={Elsevier}
}

@misc{lemmon1977,
  title={The ‘Lemmon Notes’. An Introduction into Modal Logic},
  author={Lemmon, E. J. and Scott, D.},
  year={1977},
  publisher={Blackwell, Oxford}
}

@article{Brauner07,
  author    = {T. Bra{\"{u}}ner},
  title     = {Why does the proof-theory of hybrid logic work so well?},
  journal   = {Journal of Applied Non-Classical Logics},
  volume    = {17},
  number    = {4},
  pages     = {521--543},
  year      = {2007}
}

@phdthesis{marin2018,
  title={Modal proof theory through a focused telescope},
  author={S. Marin},
  year={2018},
  school={Universit{\'e} Paris Saclay}
}


