%%%%%%%%%%%%%%%%%%%%%%%%%%%%%%%%%%%%%%%%%%%%%%%%%%%%%%%%%%%%%%%%%%%%%%%%%%
%%%%%%%%%%%%%%%%%%%%%%%%%%%%%%%%%%%%%%%%%%%%%%%%%%%%%%%%%%%%%%%%%%%%%%%%%%
%%% BIBLIOGRAPHY
%%%%%%%%%%%%%%%%%%%%%%%%%%%%%%%%%%%%%%%%%%%%%%%%%%%%%%%%%%%%%%%%%%%%%%%%%%
%%%%%%%%%%%%%%%%%%%%%%%%%%%%%%%%%%%%%%%%%%%%%%%%%%%%%%%%%%%%%%%%%%%%%%%%%%

@String{apal =   "Annals of Pure and Applied Logic"}
@String{jlc =    "Journal of Logic and Computation"}
@String{jpl =    "Journal of Philosophical Logic"}
@String{lncs =   "Lecture Notes in Computer Science"}
@String{lipics = "Leibniz International Proceedings in Informatics (LIPIcs)"}
@String{lci =    "Schloss Dagstuhl--Leibniz-Zentrum f{\"u}r Informatik"}

@String{lpar = "International Conference on Logic for Programming, Artificial Intelligence, and Reasoning"}
@String{lpar01 = "LPAR-8 : International Conference on Logic for Programming, Artificial Intelligence, and Reasoning, Havana, Cuba"}
@String{lpar08 = "LPAR-15 : International Conference on Logic for Programming, Artificial Intelligence, and Reasoning, Doha, Qatar"}
@String{lpar10a = "LPAR-16 : International Conference on Logic for Programming, Artificial Intelligence, and Reasoning, Dakar, Senegal"}
@String{lpar10b = "LPAR-17 : International Conference on Logic for Programming, Artificial Intelligence, and Reasoning, Yogyakarta, Indonesia"}
@String{lpar15 = "LPAR-20 : International Conference on Logic for Programming, Artificial Intelligence, and Reasoning, Suva, Fiji"}

@String{pub-sv = "Springer"}
%%%%%%%%%%%%%%%%%%%%%%%%%%%%%%%%%%%%%%%%%%%%%%%%%%%%%%%%
%%%%%%%%%%%%%%%%%%%%%%%%%%%%%%%%%%%%%%%%%%%%%%%%%%%%%%%%A
@InProceedings{alechina:etal:csl01,
	author =       "Natasha Alechina and Michael Mendler and Valeria de Paiva and Eike Ritter",
	title =        "Categorical and Kripke Semantics for Constructive {S4} Modal Logic",
	booktitle =    "10th CSL",
	series =       "LNCS",
	volume =       "2142",
	pages =        "292--307",
	publisher =    "Springer",
	year =         "2001",
	doi =          "10.1007/3-540-44802-0_21",
}

@article{amati:pirri:sl94,
	title={A uniform tableau method for intuitionistic modal logics {I}},
	author={Amati, Giambattista and Pirri, Fiora},
	journal={Studia Logica},
	volume={53},
	number={1},
	pages={29--60},
	year={1994},
	publisher={Springer},
	doi="10.1007/BF01053021",
	url="https://doi.org/10.1007/BF01053021"
}

@article{andreoli:jlc92,
	author =  {Jean-Marc Andreoli},
	title =   {Logic Programming with Focusing Proofs in Linear Logic},
	journal = jlc,
	volume =  2,
	number =  3,
	pages = {297--347},
	year =    1992,
	doi = {10.1093/logcom/2.3.297}
}

@article{arisaka:etal:lmcs15,
	author = {Ryuta Arisaka and Anupam Das and Lutz Stra{\ss}burger},
	title = {On Nested Sequents for Constructive Modal Logic},
	journal = {Logical Methods in Computer Science},
	year = 2015
}

@InCollection{avron:elc96,
	author =       {Arnon Avron},
	title =        {The Method of Hypersequents in the Proof Theory of Propositional Non-Classical Logics},
	booktitle =    {Logic: from foundations to applications: European logic colloquium},
	year =         {1996},
	pages =        {1--32},
	publisher =    {Clarendon Press},
}

@InProceedings{aydemir:etal:tphols05,
	title =        "Mechanized Metatheory for the Masses: The {POPLmark} Challenge",
	author =       "Brian E. Aydemir and Aaron Bohannon and Matthew Fairbairn and J. Nathan Foster and Benjamin C. Pierce and Peter Sewell and Dimitrios Vytiniotis and Geoffrey Washburn and Stephanie Weirich and Steve Zdancewic",
	year =         "2005",
	publisher =    "Springer",
	series =       lncs,
	number =       "3603",
	booktitle =    "Theorem Proving in Higher Order Logics: 18th International Conference",
	pages =        "50--65",
}
%%%%%%%%%%%%%%%%%%%%%%%%%%%%%%%%%%%%%%%%%%%%%%%%%%%%%%%%B
@inproceedings{baelde:etal:csl16,
	title={Infinitary Proof Theory: the Multiplicative Additive Case},
	author={Baelde, David and Doumane, Amina and Saurin, Alexis},
	booktitle={LIPIcs-Leibniz International Proceedings in Informatics: Proceedings of Computer Science Logic 2016},
	volume={62},
	year={2016},
	organization={Schloss Dagstuhl-Leibniz-Zentrum fuer Informatik}
}


@Article{belnap:jpl82,
	author =       {Nuel D. Belna{p, Jr.}},
	title =        {Display Logic},
	journal =      jpl,
	year =         {1982},
	volume =       {11},
	pages =        {375--417},
}

@article{benton:etal:jfp98,
	author    = {P. Nick Benton and Gavin M. Bierman and Valeria de Paiva},
	title     = {Computational Types from a Logical Perspective},
	journal   = {Journal of Functional Programming},
	volume    = {8},
	number    = {2},
	pages     = {177--193},
	year      = {1998},
}

@TechReport{bierman:depaiva:96,
	title={Intuitionistic necessity revisited},
	author={Bierman, Gavin M. and de Paiva, Valeria},
	institution={School of Computer Sciences-University of Birmingham},
	year={1996},
}

@article{bierman:depaiva:sl00,
	author    = {Gavin M. Bierman and Valeria de Paiva},
	title     = {On an Intuitionistic Modal Logic},
	journal   = {Studia Logica},
	volume    = {65},
	number    = {3},
	year      = {2000},
	pages     = {383--416},
	url       = {https://doi.org/10.1023/A:1005291931660},
	doi       = {10.1023/A:1005291931660},
}

@inproceedings{blackburn:tencate:phwl02,
	author = {Patrick Blackburn and Balder ten Cate},
	title = {Beyond Pure Axioms: Node Creating Rules in Hybrid Tableaux},
	booktitle = {Proceedings of the fourth Workshop on Hybrid Logics},
	year = {2002}
}

@incollection{blackburn:vanbenthem:07,
	title = {Modal logic: a Semantic Perspective},
	author = {Blackburn, Patrick and Van Benthem, Johan},
	pages = {1-82},
	editor = {P. Blackburn, J. van Benthem and F. Wolter}, 
	booktitle = {Handbook of Modal Logic}, 
	publisher = {Elsevier}, 
	year = 2007,
}

@article{bolzano:17,
	author = {Bernard Bolzano},
	title = {Purely Analytic Proof of the Theorem that between any two Values which give Results of Opposite Sign, there lies at least one Real Root of the Equation},
	journal = {Abhandlungen der koniglichen bohmischen Gesellschaft der Wissenschaften},
	volume    = {5},
	pages     = {225â€“48},
	year = 1817,
}

@article{brauner:igpl00,
	title={A cut-free {G}entzen formulation of the modal logic {S5}},
	author={Bra{\"u}ner, Torben},
	journal={Logic Journal of IGPL},
	volume={8},
	number={5},
	pages={629--643},
	year={2000},
	publisher={Oxford University Press}
}

@InProceedings{brock-nannestad:schurmann:lpar10,
	author =       "Taus Brock-Nannestad and Carsten Sch{\"u}rmann",
	title =        "Focused Natural Deduction",
	booktitle =   lpar10b,
	year =         "2010",
	pages =        "157--171",
	volume =       "6397",
	series =       lncs,
	address =      "Yogyakarta, Indonesia",
	publisher =    "Springer",
	URL =          "http://hal.archives-ouvertes.fr/inria-00535948/en/",
	doi =          "10.1007/978-3-642-16242-8\_12",
}

@inproceedings{brock-nannestad:etal:ppdp15,
	title={Computation in focused intuitionistic logic},
	author={Brock-Nannestad, Taus and Guenot, Nicolas and Gustafsson, Daniel},
	booktitle={Proceedings of the 17th International Symposium on Principles and Practice of Declarative Programming},
	pages={43--54},
	year={2015},
	organization={ACM}
}

@book{broda:etal:04,
	author = {Krysia Broda and Dov M.Gabbay and Luis C.Lamb and Alessandra Russo},
	title = {Compiled Labelled Deductive Systems: a Uniform Presentation of Non-Classical Logics},
	year = 2004,
	publisher = {Research Study}
}

@incollection{brouwer:75,
	title={Intuitionism and formalism},
	author={Brouwer, Luitzen Egbertus Jan},
	booktitle={Philosophy and Foundations of Mathematics},
	pages={123--138},
	year={1975},
	publisher={Elsevier}
}


@article{brunnler:aml09,
	author = {Br{\"u}nnler, Kai},
	title = {Deep Sequent Systems for Modal Logic},
	journal = {Archive for Mathematical Logic},
	year = {2009},
	volume = {48},
	number = {6},
	pages = {551-577},
}

@phdthesis{brunnler:habil10,
	author =  {Kai Br{\"u}nnler},
	title =       {Nested Sequents},
	type= {Habilitationsschrift},
	school = {Universit{\"a}t Bern},
	year = {2010}
}

@inproceedings{brunnler:strassburger:tableaux09,
	author    = {Kai Br{\"u}nnler and Lutz Stra{\ss}burger},
	title     = {Modular Sequent Systems for Modal Logic},
	year      = {2009},
	pages     = {152--166},
	ee        = {http://dx.doi.org/10.1007/978-3-642-02716-1_12},
	editor    = {Martin Giese and Arild Waaler},
	booktitle = {Automated Reasoning with Analytic Tableaux and Related Methods, TABLEAUX'09},
	publisher = {Springer},
	series    = "LNCS",
	volume    = {5607},
}

@InProceedings{brunnler:tiu:lpar01,
	author =       "Kai Br{\"u}nnler and Alwen Tiu",
	title =        "A Local System for Classical Logic",
	year =         "2001",
	booktitle =   lpar01,
	publisher =    "Springer",
	volume =       "2250",
	pages =        "347--361",
	series =       lncs,
}

@article{bull:ndjfl65,
	author = "Bull, Rowena A.",
	title = "A modal extension of intuitionist logic.",
	journal = "Notre Dame Journal of Formal Logic",
	number = "2",
	pages = "142--146",
	publisher = "Duke University Press",
	doi = "10.1305/ndjfl/1093958154",
	url = "https://doi.org/10.1305/ndjfl/1093958154",
	volume = "6",
	year = "1965",
}

@article{bull:jsl66,
	title={{MIPC} as the formalisation of an intuitionist concept of modality},
	author={Bull, Rowena A.},
	journal={The Journal of Symbolic Logic},
	volume={31},
	number={4},
	pages={609--616},
	year={1966},
	publisher={Cambridge University Press}
}

%%%%%%%%%%%%%%%%%%%%%%%%%%%%%%%%%%%%%%%%%%%%%%%%%%%%%%%%C

@article{castilho:etal:97,
	title={Modal tableaux with propagation rules and structural rules},
	author={Castilho, Marcos A and del Cerro, Luis Farinas and Gasquet, Olivier and Herzig, Andreas},
	journal={Fundamenta Informaticae},
	volume={32},
	number={3-4},
	pages={281--297},
	year={1997},
	publisher={IOS Press}
}

@article{celani:dm01,
	author={Sergio Celani},
	title={Remarks on Intuitionistic Modal Logics},
	journal={Divulgaciones \ Matem\'{a}ticas},
	volume=9,
	number=2,
	year=2001,
	pages={137â€“-147}
}
@InCollection{cerrato:96,
	author = {Cerrato, Claudio}, 
	title = {Modal Sequents}, 
	bookauthor = {Wansing H. (eds) }, 
	booktitle = {Proof Theory of Modal Logic}, 
	publisher = {Springer, Dordrecht}, 
	year = 1996,
	series =       {Applied Logic Series},
	volume =       {2},
	pages = {141â€“166}
}

@PhdThesis{chaudhuri:phd06,
	author =       "Kaustuv Chaudhuri",
	title =        "The Focused Inverse Method for Linear Logic",
	school =       "Carnegie Mellon University",
	year =         "2006",
	note =         "Technical report CMU-CS-06-162",
	pdf =          "http://reports-archive.adm.cs.cmu.edu/anon/2006/CMU-CS-06-162.pdf",
}

@InProceedings{chaudhuri:lpar08,
	author =       "Kaustuv Chaudhuri",
	title =        "Focusing Strategies in the Sequent Calculus of Synthetic Connectives",
	booktitle =   lpar08,
	year =         "2008",
	pages =        "467--481",
	series =       lncs,
	volume =       "5330",
	publisher =    "Springer",
	URL =          "http://chaudhuri.info/papers/lpar08synstra.pdf",
}

@inproceedings{chaudhuri:etal:ijcar06,
	author="Chaudhuri, Kaustuv and Pfenning, Frank and Price, Greg",
	editor="Furbach, Ulrich and Shankar, Natarajan",
	title="A Logical Characterization of Forward and Backward Chaining in the Inverse Method",
	booktitle="Automated Reasoning: Third International Joint Conference, IJCAR 2006, Seattle, WA, USA, August 17-20, 2006. Proceedings",
	year="2006",
	publisher="Springer Berlin Heidelberg",
	pages="97--111",
	doi="10.1007/11814771_9",
	url="https://doi.org/10.1007/11814771_9"
}

@Article{chaudhuri:etal:jar08,
	author =       "Kaustuv Chaudhuri and Frank Pfenning and Greg Price",
	title =        "A Logical Characterization of Forward and Backward Chaining in the Inverse Method",
	journal =      "Journal of Automated Reasoning",
	year =         "2008",
	volume =       "40",
	number =       "2-3",
	pages =        "133--177",
	doi =          "10.1007/s10817-007-9091-0",
	pdf =          "http://www.springerlink.com/content/b335r17728862pm2/fulltext.pdf",
}

@InProceedings{chaudhuri:etal:tcs08,
	author =       "Kaustuv Chaudhuri and Dale Miller and Alexis Saurin",
	title =        "Canonical Sequent Proofs via Multi-Focusing",
	booktitle =    "Fifth International Conference on Theoretical Computer Science",
	publisher =    pub-sv,
	year =         "2008",
	volume =       "273",
	series =       "IFIP",
	pages =        "383--396",
	pdf =          "http://www.lix.polytechnique.fr/Labo/Dale.Miller/papers/tcs08trackb.pdf",
}

@InProceedings{chaudhuri:etal:csl11,
	author =       "Kaustuv Chaudhuri and Nicolas Guenot and Lutz Stra{\ss}burger",
	title =        "The Focused Calculus of Structures",
	year =         "2011",
	URL =          "http://drops.dagstuhl.de/opus/volltexte/2011/3229/pdf/16.pdf",
	booktitle =    "Computer Science Logic: 20th Annual Conference of the EACSL",
	pages =        "159--173",
	series =       lipics,
	publisher =    lci,
	doi =          "10.4230/LIPIcs.CSL.2011.159",
	ISBN =         "978-3-939897-32-3",
	ISSN =         "1868-8969",
}

@Article{chaudhuri:etal:jlc14,
	author =       "Kaustuv Chaudhuri and Stefan Hetzl and Dale Miller",
	title =        "A Multi-Focused Proof System Isomorphic to Expansion Proofs",
	journal =      jlc,
	publisher =    "Oxford University Press",
	editor={Dov Gabbay},
	volume={26},
	number={2},
	pages={577--603},
	year =         "2014",
	doi =          "10.1093/logcom/exu030",
	pdf =          "http://hal.inria.fr/hal-00937056/PDF/lkfexp.pdf",
}

@TechReport{chaudhuri:etal:techreport16,
	author =       "Kaustuv Chaudhuri and Sonia Marin and Lutz Stra{\ss}burger",
	title =        "Focused and Synthetic Nested Sequents",
	institution =  "Inria",
	year =         2016,
	url =         {https://hal.inria.fr/hal-01251722},
}

@InProceedings{chaudhuri:etal:fossacs16,
	author =       "Kaustuv Chaudhuri and Sonia Marin and Lutz Stra{\ss}burger",
	title =        "Focused and Synthetic Nested Sequents",
	booktitle =    "FoSSaCS, International Conference on Foundations of Software Science and Computation Structures",
	pages={390--407},
	year =         "2016",
	editor =       "Bart Jacobs and Christof L{\"o}ding",
	publisher={Springer},
	URL =          "http://chaudhuri.info/papers/draft15focnest.pdf",
}

@InProceedings{chaudhuri:etal:fscd16,
  author =	{Kaustuv Chaudhuri and Sonia Marin and Lutz Stra{\ss}burger},
  title =	{{Modular Focused Proof Systems for Intuitionistic Modal Logics}},
  booktitle =	{1st International Conference on Formal Structures for Computation and Deduction (FSCD 2016)},
  pages =	{16:1--16:18},
  series =	{Leibniz International Proceedings in Informatics (LIPIcs)},
  year =	{2016},
  volume =	{52},
  editor =	{Delia Kesner and Brigitte Pientka},
  publisher =	{Schloss Dagstuhl--Leibniz-Zentrum fuer Informatik},
  URL =		{http://drops.dagstuhl.de/opus/volltexte/2016/5994},
  doi =		{10.4230/LIPIcs.FSCD.2016.16},
  }

@inproceedings{chihani:etal:cade13,
	author = {Zakaria Chihani and Dale Miller and Fabien Renaud}, 
	title = {Foundational Proof Certificates in First-Order Logic},
	editor = {M. P. Bonacina}, 
	booktitle = {CADE 24: Conference on Automated Deduction 2013},
	series = {LNAI}, 
	volume = {7898}, 
	year = 2013, 
	pages = {162--177}
}

@inproceedings{chihani:etal:tableaux15,
author="Chihani, Zakaria and Libal, Tomer and Reis, Giselle",
editor="De Nivelle, Hans",
title="The Proof Certifier \texttt{checkers}",
bookTitle="Automated Reasoning with Analytic Tableaux and Related Methods: 24th International Conference, TABLEAUX 2015, Wroclaw, Poland, September 21-24, 2015, Proceedings",
publisher="Springer International Publishing",
pages="201--210",
doi="10.1007/978-3-319-24312-2_14",
url="https://doi.org/10.1007/978-3-319-24312-2_14",
year="2015",
}

@inproceedings{ciabattoni:etal:lics08,
	author    = {Agata Ciabattoni and Nikolaos Galatos and Kazushige Terui},
	title     = {From Axioms to Analytic Rules in Nonclassical Logics},
	booktitle = {Proceedings of the Twenty-Third Annual {IEEE} Symposium on Logic in Computer Science, {LICS}},
	year      = {2008},
	pages     = {229--240},
	url       = {https://doi.org/10.1109/LICS.2008.39},
	doi       = {10.1109/LICS.2008.39},
}

@inproceedings{ciabattoni:etal:csl09,
	author    = {Agata Ciabattoni and Lutz Stra{\ss}burger and Kazushige Terui},
	title     = {Expanding the Realm of Systematic Proof Theory},
	year      = {2009},
	pages     = {163--178},
	url        = {http://dx.doi.org/10.1007/978-3-642-04027-6_14},
	editor    = {Erich Gr{\"a}del and Reinhard Kahle},
	booktitle = {Computer Science Logic, CSL'09}, 
	publisher = {Springer},
	series    = {Lecture Notes in Computer Science},
	volume    = {5771},
}

@inproceedings{ciabattoni:ramanayake:wollic13,
	author    = {Agata Ciabattoni and Revantha Ramanayake},
	title     = {Structural Extensions of Display Calculi: A General Recipe},
	booktitle = {Logic, Language, Information, and Computation -- WoLLIC 2013},
	year      = {2013},
	pages     = {81--95},
	editor    = {Leonid Libkin and Ulrich Kohlenbach and Ruy J. G. B. de Queiroz},
	publisher = {Springer},
	series    = {LNCS},
	volume    = {8071},
}

@inproceedings{ciabattoni:genco:aiml16,
	title={Embedding formalisms: hypersequents and two-level systems of rule.},
	author={Ciabattoni, Agata and Genco, Francesco A},
	booktitle={Advances in Modal Logic 11, Budapest},
	pages={197--216},
	year={2016}
}


@TechReport{collinson:etal:99,
	author =       "Matthew J. Collinson and Barney P. Hilken and David E. Rydeheard",
	title =        "Semantics and proof theory of an intuitionistic modal sequent calculus",
	institution =  "University of Manchester, UK",
	year =         "1999",
	note =         "Technical Report UMCS-99-6-1",
}

@article{copeland:jpl02,
	author    = {B. Jack Copeland},
	title     = {The Genesis of Possible Worlds Semantics},
	journal   = {Journal Philosophical Logic},
	publisher= {Springer},
	volume    = {31},
	number    = {2},
	pages     = {99--137},
	year      = {2002},
	url       = {https://doi.org/10.1023/A:1015273407895},
	doi       = {10.1023/A:1015273407895},
}

@article{curien:am05,
  author    = {Pierre{-}Louis Curien},
  title     = {Introduction to linear logic and ludics, part {I}},
  journal   = {Advances in Mathematics (China)},
  volume    = {34},
  number    = {5},
  pages     = {513â€“544},
  year      = {2005},
}

%%%%%%%%%%%%%%%%%%%%%%%%%%%%%%%%%%%%%%%%%%%%%%%%%%%%%%%%D
@article{davies:pfenning:jacm01,
	author = {Davies, Rowan and Pfenning, Frank},
	title = {A Modal Analysis of Staged Computation},
	journal = {Journal of the ACM (JACM)},
	volume = {48},
	number = {3},
	year = {2001},
	pages = {555--604},
	url = {http://doi.acm.org/10.1145/382780.382785},
	doi = {10.1145/382780.382785},
} 

@article{demedeiros:ufrn10,
	title={Investiga{\c{c}}{\~o}es acerca de uma vers{\~a}o modal para L{\'o}gica Intermedi{\'a}ria dos Dom{\'\i}nios Constantes},
	author={de Medeiros, Maria da Paz Nunes},
	journal={Princ{\'\i}pios: Revista de Filosofia (UFRN)},
	volume={8},
	number={10},
	pages={121--137},
	year={2010}
}

@Article{dyckhoff:negri:aml12,
	author =       "Roy Dyckhoff and Sara Negri",
	title =        "Proof Analysis in Intermediate Logics",
	journal =      "Archive for Mathematical Logic",
	volume =       "51",
	number =       "1-2",
	pages =        "71--92",
	year =         "2012",
	doi =          "10.1007/s00153-011-0254-7",
}

%%%%%%%%%%%%%%%%%%%%%%%%%%%%%%%%%%%%%%%%%%%%%%%%%%%%%%%%E
@article{ewald:jsl86,
	title={Intuitionistic tense and modal logic},
	author={Ewald, W.~B.},
	journal={The Journal of Symbolic Logic},
	volume={51},
	number={1},
	pages={166--179},
	year={1986},
	publisher={Cambridge University Press},
	url= {https://doi.org/10.2307/2273953},
	doi= {10.2307/2273953},
}

%%%%%%%%%%%%%%%%%%%%%%%%%%%%%%%%%%%%%%%%%%%%%%%%%%%%%%%%F

@inproceedings{fairtlough:mendler:csl95,
	author="Fairtlough, Matt and Mendler, Michael",
	editor="Pacholski, Leszek and Tiuryn, Jerzy",
	title="An intuitionistic modal logic with applications to the formal verification of hardware",
	bookTitle="Computer Science Logic: 8th Workshop, CSL '94 Kazimierz, Poland, September 25--30, 1994 Selected Papers",
	year="1995",
	publisher="Springer Berlin Heidelberg",
	pages="354--368",
}

@article{fairtlough:mendler:ic97,
	title={Propositional lax logic},
	author={Fairtlough, Matt and Mendler, Michael},
	journal={Information and Computation},
	volume={137},
	number={1},
	pages={1--33},
	year={1997},
	publisher={Elsevier}
}


@article{fischer-servi:bsps80,
	author = {Gis{\`e}le Fischer-Servi},
	title = {Semantics for a Class of Intuitionistic Modal Calculi},
	journal = {Italian Studies in the Philosophy of Science. Boston Studies in the Philosophy of Science},
	year = {1980},
	editor = {Dalla Chiara M.L.},
	volume = {47},
	publisher = {Springer, Dordrecht}
}

@article{fischer-servi:84,
	author="Gis\`ele Fischer Servi",
	title="Axiomatizations for some Intuitionistic Modal Logics",
	journal="Rendiconti del Seminario Matematico dell' Universit\`a Politecnica di Torino",
	volume= 42,
	number=3,
	pages="179--194",
	year=1984
}

@article{fitch:pm48,
	author="Frederic B. Fitch ",
	title="Intuitionistic Modal Logic with Quantifiers",
	journal="Portugaliae Mathematica",
	volume= 7,
	number=2,
	pages="113--118",
	year=1948,
}

@article{fitch:jsl66,
	title={Tree proofs in modal logic},
	author={Fitch, Frederic B},
	journal={Journal of Symbolic Logic},
	volume={31},
	number={1},
	pages={152},
	year={1966},
}

@article{fitting:ndjfl72,
	author    = {Melvin Fitting},
	title     = {Tableau methods of proof for modal logics},
	journal   = {Notre Dame Journal of Formal Logic},
	volume    = {13},
	number    = {2},
	pages     = {237--247},
	year      = {1972},
	url       = {https://doi.org/10.1305/ndjfl/1093894722},
	doi       = {10.1305/ndjfl/1093894722},
}

@book{fitting:83,
	author = {Melvin Fitting}, 
	title = {Proof Methods for Modal and Intuitionistic Logics},
	series = {Synthese Library},
	volume = {169}, 
	publisher = {D. Reidel Publishing Co., Dordrecht}, 
	year = 1983
}

@InCollection{fitting:07,
	author = {Fitting, Melvin}, 
	title = {Modal Proof Theory}, 
	editor = {P. Blackburn, J. van Benthem and F. Wolter}, 
	booktitle = {Handbook of Modal Logic}, 
	publisher = {Elsevier}, 
	year = 2007,
	pages = {85--138}
}

@inproceedings{fitting:lfcs07,
	title={Realizations and {LP}},
	author={Fitting, Melvin},
	booktitle={LFCS},
	pages={212--223},
	year={2007},
	organization={Springer}
}

@article{fitting:apal12,
	author = {Fitting, Melvin},
	title = {Prefixed Tableaus and Nested Sequents},
	journal = {Annals of Pure and Applied Logic},
	year = {2012},
	volume = {163},
	number = {3},
	pages = {291-313},
	url       = {https://doi.org/10.1016/j.apal.2011.09.004},
	doi       = {10.1016/j.apal.2011.09.004},
}

@article{fitting:ifcolog15,
	author = {Melvin Fitting},
	title = {Cut-free proof systems for {G}each formulas.},
	journal = {The IfCoLog Journal of Logics and their Applications},
	year = {2015},
	volume = {2},
	number = {2},
	pages = {17--64},
}

@article{fitting:kuznets:apal15,
	author = {Fitting, Melvin and Kuznets, Roman},
	title = {Modal Interpolation in Nested Sequents},
	journal = apal,
	year = {2015},
	volume = {166},
	number = {3},
	pages = {274-305},
}

@article{font:ndjfl86,
	title={Modality and possibility in some intuitionistic modal logics.},
	author={Font, Josep M.},
	journal={Notre Dame Journal of Formal Logic},
	volume={27},
	number={4},
	pages={533--546},
	year={1986},
	publisher={University of Notre Dame}
}

@book{frege:79,
	author = {Gottlob Frege}, 
	title = {Begriffsschrift: eine der arithmetischen nachgebildete {F}ormelsprache des reinen {D}enkens},
	publisher = {Halle}, 
	year = 1879
}

@phdthesis{frittella:phd14,
	title={Monotone Modal Logic and Friends},
	author={Frittella, Sabine},
	year={2014},
	school={Universit\'e Aix-Marseille}
}

%%%%%%%%%%%%%%%%%%%%%%%%%%%%%%%%%%%%%%%%%%%%%%%%%%%%%%%%G

@book{gabbay:96,
	author = {Gabbay, Dov M.},
	title = {Labelled {D}eductive {S}ystems},
	year = 1996,
	publisher = {Clarendon Press},
}

@article{galmiche:salhi:jancl10,
	author    = {Didier Galmiche and Yakoub Salhi},
	title     = {Label-Free Natural Deduction Systems for Intuitionistic and Classical Modal Logics},
	journal   = {Journal of Applied Non-Classical Logics},
	volume    = {20},
	number    = {4},
	year      = {2010},
	pages     = {373--421},
}

@inproceedings{galmiche:salhi:lpar10,
	title={Label-free proof systems for intuitionistic modal logic {IS5}},
	author={Galmiche, Didier and Salhi, Yakoub},
	booktitle=lpar10a,
	pages={255--271},
	year={2010},
	organization={Springer},
	series= lncs,
	volume= 6355
}

@article{galmiche:salhi:jlc15,
	author = {Galmiche, Didier and Salhi, Yakoub},
	title = {Tree-sequent calculi and decision procedures for intuitionistic modal logics},
	journal = {Journal of Logic and Computation},
	pages = {exv039},
	year = {2015},
	doi = {10.1093/logcom/exv039},
	url = { http://dx.doi.org/10.1093/logcom/exv039},
}

@inproceedings{garg:etal:lics12,
	author = {Garg, Deepak and Genovese, Valerio and Negri, Sara},
	title = {Countermodels from Sequent Calculi in Multi-Modal Logics},
	booktitle = {Proceedings of the 2012 27th Annual IEEE/ACM Symposium on Logic in Computer Science},
	pages={315--324},
	year = {2012},
	organization={IEEE Computer Society}
}

@InCollection{garson:stanford,
	author       =	{Garson, James},
	title        =	{Modal Logic},
	booktitle    =	{The Stanford Encyclopedia of Philosophy},
	editor       =	{Edward N. Zalta},
	howpublished =	{\url{https://plato.stanford.edu/archives/spr2016/entries/logic-modal/}},
	year         =	{2016},
	publisher    =	{Metaphysics Research Lab, Stanford University}
}

@article{gentzen:mz34,
	author= {Gerhard Gentzen},
	title= {Untersuchungen {\"u}ber das logische {S}chlie{\ss}en. {I}.},
	journal= {Mathematische Zeitschrift},
	year= {1934},
	volume= {39},
	pages = {176--210},
	doi= {doi:10.1007/BF01201353},
}

@article{gentzen:mz35,
	author= {Gerhard Gentzen},
	title= {Untersuchungen {\"u}ber das logische {S}chlie{\ss}en. {II}.},
	journal= {Mathematische Zeitschrift},
	year= {1935},
	volume= {39},
	pages = {405â€“431},
	doi= {doi:10.1007/bf01201363},
}

@Article{girard:tcs87,
	author =       "Jean-Yves Girard",
	title =        "Linear Logic",
	journal =      "Theoretical Computer Science",
	volume =       "50",
	year =         "1987",
	pages =        "1--102",
	doi =          "10.1016/0304-3975(87)90045-4",
}

@book{girard:87,
	author =       "Jean-Yves Girard",
	title =        "Proof theory and logical complexity",
	publisher = {Humanities Press}, 
	year =         "1987",
}

@article{goble:ndjfl74,
	author = "Goble, Louis F.",
	title = "Gentzen systems for modal logic.",
	journal = "Notre Dame Journal of Formal Logic",
	number = "3",
	pages = "455--461",
	publisher = "Duke University Press",
	url = "https://doi.org/10.1305/ndjfl/1093891406",
	doi = "10.1305/ndjfl/1093891406",
	volume = "15",
	year = "1974"
}

@article{gonzalez:jsl87,
	title={ANALYTIC TABLEAU CALCULI AND NATURAL DEDUCTION FOR PROPOSITIONAL MODAL SYSTEMS USING SUBINDEXED FORMULAS},
	author={Gonzalez, H.J.M.},
	journal={Journal of Symbolic Logic},
	volume={52},
	number={1},
	pages={330--331},
	year={1987},
}

@InCollection{gore:99,
	author = {Rajeev Gor\'e}, 
	title = {Tableau Methods for Modal and Temporal Logics},
	bookauthor = {Marcello D'Agostino and Dov M. Gabbay and Reiner HÃ¤hnle and Joachim Posegga}, 
	booktitle = {Handbook of Tableau Methods}, 
	publisher = {Kluwer Academic Publishers}, 
	year = 1999, 
	pages = {297--396}
}

@article{gore:etal:lmcs11,
	author    = {Rajeev Gor{\'e} and Linda Postniece and Alwen Tiu},
	title= {On the Correspondence between Display Postulates and Deep Inference in Nested Sequent Calculi for Tense Logics},
	journal="LMCS",
	volume    = {7},
	number    = {2:8},
	pages={1--38},
	year      = {2011},
}

@inproceedings{gore:ramanayake:aiml12,
	author    = {Rajeev Gor{\'{e}} and Revantha Ramanayake},
	title     = {Labelled Tree Sequents, Tree Hypersequents and Nested (Deep) Sequents},
	booktitle = {Advances in Modal Logic 9, Copenhagen},
	pages     = {279--299},
	year      = {2012},
	url       = {http://www.aiml.net/volumes/volume9/Gore-Ramanayake.pdf},
}

@PhdThesis{graham-lengrand:habil14,
	author =       "{St\'ephane} Graham-Lengrand",
	title =        "Polarities \& Focussing: a journey from Realisability to {A}utomated {R}easoning",
	school =       "Universit{\'e} {Paris-Sud}",
	type =         "Habilitation thesis",
	year =         "2014",
	URL =          "http://hal.archives-ouvertes.fr/tel-01094980",
}

@Article{guglielmi:acm07,
	author =       "Alessio Guglielmi",
	title =        "A System of Interaction and Structure",
	journal =      "ACM Transactions on Computational Logic",
	number =       "1",
	volume =       "8",
	year =         "2007",
	pages =        "1--64",
}

@InProceedings{guglielmi:strassburger:csl01,
	author =       "Alessio Guglielmi and Lutz Stra{\ss}burger",
	title =        "Non-commutativity and {MELL} in the Calculus of Structures",
	year =         "2001",
	booktitle =    "Computer Science Logic, CSL 2001",
	publisher =    "Springer-Verlag",
	volume =       "2142",
	pages =        "54--68",
	series =       "LNCS",
}

@article{guglielmi:gundersen:lmcs08,
	author    = {Alessio Guglielmi and Tom Gundersen},
	title     = {Normalisation Control in Deep Inference via Atomic Flows},
	journal   = {Logical Methods in Computer Science},
	volume    = {4},
	number    = {1},
	year      = {2008},
	doi       = {10.2168/LMCS-4(1:9)2008},
}

@inproceedings{guglielmi:etal:lics10,
	author    = {Alessio Guglielmi and Tom Gundersen and Lutz Stra{\ss}burger},
	title     = {Breaking Paths in Atomic Flows for Classical Logic},
	booktitle = {25th Annual {IEEE} Symposium on Logic in Computer Science (LICS)},
	pages     = {284--293},
	publisher = {{IEEE} Computer Society},
	year      = {2010},
	doi       = {10.1109/LICS.2010.12},
}
%%%%%%%%%%%%%%%%%%%%%%%%%%%%%%%%%%%%%%%%%%%%%%%%%%%%%%%%H
@inproceedings{heilala:pientka:icad07,
	title={Bidirectional decision procedures for the intuitionistic propositional modal logic {IS4}},
	author={Heilala, Samuli and Pientka, Brigitte},
	booktitle={International Conference on Automated Deduction},
	pages={116--131},
	year={2007},
	organization={Springer},
}

@mastersThesis{hein:thesis05,
	title={Geometric theories and modal logic in the calculus of structures},
	author={Hein, Robert},
	year={2005},
	school={Technische Universit{\"a}t Dresden},
}

@book{hilbert:bernays70,
	author = {David Hilbert and Bernays Paul}, 
	title = {Grundlagen der {M}athematik II (Second ed.)},
	publisher = {Berlin, New York: Springer-Verlag}, 
	year = 1970
}

@InCollection{hilbert:67,
	author = {David Hilbert}, 
	title = {The Foundations of Mathematics}, 
	editor = {Jean van Heijenoort}, 
	booktitle = {From Frege to GÃ¶del: A Source Book in Mathematical Logic, 1879â€“1931}, 
	publisher = {Cambridge MA: Harvard University Press}, 
	year = 1967,
	pages = {464â€“479}
}

}@article{hill:poggiolesi:sl10,
	author = {Brian Hill and Francesca Poggiolesi},
	title = {A Contraction-Free and Cut-Free Sequent Calculus for Propositional Dynamic Logic},
	journal = {Studia Logica},
	year = {2010},
	volume="94",
	number="1",
	pages="47--72",
	doi="10.1007/s11225-010-9224-z",
	url="https://doi.org/10.1007/s11225-010-9224-z"
}

@Article{hoare:cacm81,
	author =       "C. A. R. Hoare",
	title =        "The Emperor's Old Clothes",
	journal =      "Communications of the ACM",
	year =         "1981",
	volume =       "24",
	number =       "2",
	pages =        "75--83",
}

@InCollection{howard:80,
	author = {William A. Howard}, 
	title = {The formulae-as-types notion of construction}, 
	editor = {Jonathan P. Seldin and Roger J. Hindley}, 
	booktitle = {To H.B. Curry: Essays on Combinatory Logic, Lambda Calculus and Formalism}, 
	publisher = {Boston, MA: Academic Press}, 
	year = 1980,
	pages = {479â€“490}
}
%%%%%%%%%%%%%%%%%%%%%%%%%%%%%%%%%%%%%%%%%%%%%%%%%%%%%%%%I
@book{indrzejczak:10,
	author = {Andrzej Indrzejczak}, 
	title = {Natural Deduction, Hybrid Systems and Modal Logics},
	publisher = {Springer}, 
	year = 2010
}
%%%%%%%%%%%%%%%%%%%%%%%%%%%%%%%%%%%%%%%%%%%%%%%%%%%%%%%%J
%%%%%%%%%%%%%%%%%%%%%%%%%%%%%%%%%%%%%%%%%%%%%%%%%%%%%%%%K
@article{kashima:sl94,
	author    = {Ryo Kashima},
	title     = {Cut-Free Sequent Calculi for Some Tense Logics},
	journal   = {Studia Logica},
	volume    = {53},
	number    = {1},
	year      = {1994},
	pages     = {119--136},
}

@book{ketonen:44,
	author = {Oiva Ketonen}, 
	title = {Untersuchungen zum {P}r{\"a}dikatenkalk{\"u}l},
	publisher = {Suomalainen tiedeakatemia}, 
	year = 1944,
}

@misc{kirsling:playground,
	author = {Ross Kirsling},
	title = {Modal Logic Playground},
	year = {2015},
	howpublished = {\url{https://rkirsling.github.io/modallogic/}},
}

@article{kojima:rms12,
	title={Relational and neighborhood semantics for intuitionistic modal logic},
	author={Kojima, Kensuke},
	journal={Reports on Mathematical Logic},
	volume={47},
	pages={87},
	year={2012},
	publisher={Jagiellonian University Press}
}


@InCollection{kracht:96,
	title={Power and weakness of the modal display calculus},
	author={Kracht, Marcus},
	booktitle={Proof theory of modal logic},
	pages={93--121},
	year={1996},
	publisher={Springer}
}

@article{kripke:jsl59,
	author    = {Saul Kripke},
	title     = {A Completeness Theorem in Modal Logic},
	journal   = {The Journal of Symbolic Logic},
	volume    = {24},
	number    = {1},
	pages     = {1--14},
	year      = {1959},
	url       = {https://doi.org/10.2307/2964568},
	doi       = {10.2307/2964568},
}

@article{kripke:apf63,
	author = {Saul A. Kripke},
	title = {Semantical Considerations on Modal Logic},
	pages = {83--94},
	journal = {Acta Philosophica Fennica},
	volume = {16},
	year = {1963},
}

@article{kripke:mlq63,
	title={Semantical analysis of modal logic {I}: Normal modal propositional calculi},
	author={Kripke, Saul A.},
	journal={Zeitshrift f{\"u}r mathematische Logik and Grundlagen der Mathematik},
	volume={9},
	number={5-6},
	pages={67--96},
	year={1963},
	publisher={Wiley Online Library}
}


@inproceedings{kurokawa:jsai13,
	title={Hypersequent calculi for modal logics extending {S4}},
	author={Kurokawa, Hidenori},
	booktitle={JSAI International Symposium on Artificial Intelligence},
	pages={51--68},
	year={2013},
	publisher={Springer}
}

@inproceedings{kuznets:etal:imla17,
	title={Justification logic for constructive modal logic},
	author={Kuznets, Roman and Marin, Sonia and Stra{\ss}burger, Lutz},
	booktitle={IMLA 2017-7th Workshop on Intuitionistic Modal Logic and Applications},
	year={2017}
}


%%%%%%%%%%%%%%%%%%%%%%%%%%%%%%%%%%%%%%%%%%%%%%%%%%%%%%%%L
@inproceedings{lahav:lics13,
	author = {Lahav, Ori},
	title = {From Frame Properties to Hypersequent Rules in Modal Logics},
	booktitle = {28th Annual {ACM/IEEE} Symposium on Logic in Computer Science, {LICS} 2013},
	year = {2013},
	pages = {408-417},
	organization={IEEE}
}

@TechReport{lamarche:techreport06,
	author =       "Fran\c{c}ois Lamarche",
	title =        "On the Algebra of Structural Contexts",
	institution =  "INRIA",
	year =         "2006",
	note =         "to appear in MSCS",
	url = {https://hal.inria.fr/inria-00099461},
}

@PhdThesis{laurent:phd02,
	author =       "Olivier Laurent",
	title =        "\'Etude de la Polarisation en Logique",
	school =       "UniviversitÃ© Aix-Marseille II",
	year =         "2002",
}

@unpublished{laurent:04,
	author = {Olivier Laurent},
	title = {A proof of the focalization property in Linear Logic},
	year = {2004},
	note = {Unpublished note}
}

@InProceedings{lellmann:ijcar14,
	author =       "Bj{\"o}rn Lellmann",
	title =        "Axioms vs Hypersequent Rules with Context Restrictions: Theory and Applications",
	booktitle =    "International Joint Conference on Automated Reasoning {IJCAR}",
	series =       "Lecture Notes in Computer Science",
	volume =       "8562",
	pages =        "307--321",
	publisher =    "Springer",
	year =         "2014",
	doi =          "10.1007/978-3-319-08587-6_23",
}

@inproceedings{lellmann:tableaux15,
	author = {Lellmann, Bj{\"o}rn}, 
	title = {Linear Nested Sequents, 2-Sequents and Hypersequents},
	booktitle = {TABLEAUX: Automated Reasoning with Analytic Tableaux and Related Methods},
	year = 2015,
	pages = {135--150},
	url = {https://doi.org/10.1007/978-3-319-24312-2_10},
	doi = {10.1007/978-3-319-24312-2_10},
}

@article{lellmann:tcs16,
  author    = {Bj{\"{o}}rn Lellmann},
  title     = {Hypersequent rules with restricted contexts for propositional modal logics},
  journal   = {Theoretical Computer Science},
  volume    = {656},
  pages     = {76--105},
  year      = {2016},
  url       = {https://doi.org/10.1016/j.tcs.2016.10.004},
  doi       = {10.1016/j.tcs.2016.10.004},
}

@inproceedings{lellmann:pattinson:icla13,
	author    = {Bj{\"o}rn Lellmann and Dirk Pattinson},
	title     = {Constructing Cut Free Sequent Systems with Context Restrictions Based on Classical or Intuitionistic Logic},
	booktitle = {Logic and Its Applications, 5th Indian Conference, {ICLA} 2013, Chennai, India, January 10-12, 2013. Proceedings},
	pages     = {148--160},
	year      = {2013},
	url       = {https://doi.org/10.1007/978-3-642-36039-8_14},
	doi       = {10.1007/978-3-642-36039-8_14},
}

@InProceedings{lellmann:pimentel:lpar15,
	author =       "Bj{\"o}rn Lellmann and Elaine Pimentel",
	title =        "Proof search in nested sequent calculi",
	booktitle =  lpar15,
	year =         "2015",
	pages = {558--574},
	editor = {M.~Davis, A.~Fehnker, A.~McIver and A.~Voronkov},
	series = {Lecture Notes in Computer Science},
	volume = {9450},
	url = {https://doi.org/10.1007/978-3-662-48899-7_39},
	doi = {10.1007/978-3-662-48899-7_39},
}

@article{lemmon:jsl57, 
	title={New foundations for {L}ewis modal systems}, 
	author={Lemmon, Edward J.}, 
	volume={22}, 
	number={2}, 
	journal={Journal of Symbolic Logic}, 
	publisher={Cambridge University Press},
	year={1957}, 
	pages={176â€“186},
	doi={10.2307/2964179}, 
}

@book{lemmon:scott:77,
	author="Edward J. Lemmon and Dana S. Scott",
	title={An Introduction to Modal Logic},
	publisher="Blackwell",
	year=1977,
}

@book{lewis:langford:32,
	author= {Clarence I. Lewis and Cooper H. Langford},
	title= {Symbolic Logic},
	publisher= {The Century co.},
	year=1932,
}

@InProceedings{liang:miller:csl07,
	author =       "Chuck Liang and Dale Miller",
	title =        "Focusing and Polarization in Intuitionistic Logic",
	booktitle =    "CSL 2007: Computer Science Logic",
	volume =       "4646",
	series =       lncs,
	publisher =    pub-sv,
	pages =        "451--465",
	keywords =     "mobius, wp4",
	year =         "2007",
	URL =          "http://www.lix.polytechnique.fr/Labo/Dale.Miller/papers/csl07liang.pdf",
}

@Article{liang:miller:tcs09,
	author =       "Chuck Liang and Dale Miller",
	title =        "Focusing and Polarization in Linear, Intuitionistic,and Classical Logics",
	year =         "2009",
	journal =      "Theoretical Computer Science",
	publisher =    "Elsevier",
	volume =       "410",
	number =       "46",
	pages =        "4747--4768",
	doi =          "10.1016/j.tcs.2009.07.041",
}

@unpublished{libal:volpe:16,
	author = {Tomer Libal and Marco Volpe},
	title = "Certification of Prefixed Tableau Proofs for Modal Logic",
	note = {ArXiv e-prints},
	keywords = {Computer Science - Logic in Computer Science, F.4.1 Mathematical Logic: Mechanical theorem proving},
	year = 2016,
	doi = {10.4204/EPTCS.226.18},
}
%%%%%%%%%%%%%%%%%%%%%%%%%%%%%%%%%%%%%%%%%%%%%%%%%%%%%%%%M
@Article{maffezioli:etal:synthese13,
	author="Maffezioli, Paolo and Naibo, Alberto and Negri, Sara",
	title="The {C}hurch--{F}itch knowability paradox in the light of structural proof theory",
	journal="Synthese",
	year="2013",
	volume="190",
	number="14",
	pages="2677--2716",
	doi="10.1007/s11229-012-0061-7",
	url="https://doi.org/10.1007/s11229-012-0061-7",
}

@inproceedings{marin:etal:aiml16,
	title={A focused framework for emulating modal proof systems},
	author={Marin, Sonia and Miller, Dale and Volpe, Marco},
	booktitle={Advances in Modal Logic 11, Budapest},
	pages={469--488},
	year={2016},
	organization={College Publications}
}


@inproceedings{marin:strassburger:aiml14,
	title = {Label-free Modular Systems for Classical and Intuitionistic Modal Logics},
	author = {Marin, Sonia and Stra{\ss}burger, Lutz},
	editor={Rajeev Gor\'e and Agi Kurucz},
	booktitle = {Advances in Modal Logic 10, Groningen},
	year = {2014},
	URL = {https://hal.inria.fr/hal-01092148},
	pages={387-406}
}

@inproceedings{marin:strassburger:tableaux17,
	author="Marin, Sonia and Stra{\ss}burger, Lutz",
	editor="Schmidt, Renate A. and Nalon, Cl{\'a}udia",
	title="Proof Theory for Indexed Nested Sequents",
	bookTitle="Automated Reasoning with Analytic Tableaux and Related Methods: 26th International Conference, TABLEAUX 2017, Bras{\'\i}lia, Brazil, September 25--28, 2017, Proceedings",
	year="2017",
	publisher="Springer International Publishing",
	pages="81--97",
}

@article{martini:masini:jsl94,
	author = {Simone Martini and Andrea Masini},
	title = {A modal view of linear logic},
	journal = {The Journal of Symbolic Logic},
	year = {1994},
	volume = {59},
	number = {3},
	pages = {888-899},
}

@article{masini:apal92,
	author = {Masini, Andrea}, 
	title = {2-sequent calculus: {A} proof theory of modalities}, 
	journal = apal,
	volume = {58},
	year = 1992, 
	pages = {229--246}
}

@inproceedings{massacci:cade94,
	title={Strongly analytic tableaux for normal modal logics},
	author={Massacci, Fabio},
	booktitle={International Conference on Automated Deduction},
	pages={723--737},
	year={1994},
	organization={Springer}
}

@InProceedings{mclaughlin:pfenning:lpar08,
	author =       "Sean McLaughlin and Frank Pfenning",
	title =        "Imogen: Focusing the Polarized Focused Inverse Method for Intuitionistic Propositional Logic",
	booktitle =  lpar08,
	year =         "2008",
	pages =        "174--181",
	series =       lncs,
	volume =       "5330",
	URL =          "http://www.cs.cmu.edu/~seanmcl/papers/McLaughlin-LPAR-2008.pdf",
}

@inproceedings{mendler:depaiva:05,
	title={Constructive CK for contexts},
	author={Mendler, Michael and De Paiva, Valeria},
	booktitle={Proceedings of the first Workshop on Context Representation and Reasoning-CONTEXT05, Stanford},
	year={2005}
}


@article{mendler:scheele:ic11,
	author    = {Michael Mendler and Stephan Scheele},
	title     = {Cut-free {G}entzen calculus for multimodal {CK}},
	journal   = {Information and Computation},
	volume    = {209},
	number    = {12},
	year      = {2011},
}

@misc{miller:proofcert,
	author = {Dale Miller},
	title = {ProofCert: Broad Spectrum Proof Certificates},
	howpublished = {\url{http://www.lix.polytechnique.fr/Labo/Dale.Miller/ProofCert/}},
	year = {2016},
}

@inproceedings{miller:cpp11,
  author    = {Dale Miller},
  title     = {A Proposal for Broad Spectrum Proof Certificates},
  booktitle = {Certified Programs and Proofs - First International Conference, {CPP} 2011, Kenting, Taiwan, December 7-9, 2011. Proceedings},
  pages     = {54--69},
  year      = {2011},
  url       = {https://doi.org/10.1007/978-3-642-25379-9_6},
  doi       = {10.1007/978-3-642-25379-9_6},
}

@book{miller:nadathur:12,
  author    = {Dale Miller and Gopalan Nadathur},
  title     = {Programming with Higher-Order Logic},
  publisher = {Cambridge University Press},
  year      = {2012},
  url       = {http://www.cambridge.org/de/academic/subjects/computer-science/programming-languages-and-applied-logic/programming-higher-order-logic?format=HB},
}

@InProceedings{miller:appa:15,
	author =       "Dale Miller",
	title =        "Foundational Proof Certificates",
	booktitle =  "All about Proofs, Proofs for All (APPA)",
	editor = " D. Delahaye and B. Woltzenlogel Paleo",
	pages = "150â€“163",
	year =         "2015",
}

@Article{miller:etal:apal91,
	author =       "Dale Miller and Gopalan Nadathur and Frank Pfenning and Andre Scedrov",
	title =        "Uniform Proofs as a Foundation for Logic Programming",
	journal =      apal,
	year =         "1991",
	volume =       "51",
	pages =        "125--157",
}

@InProceedings{miller:volpe:lpar15,
	author =       "Dale Miller and Marco Volpe",
	title =        "Focused labeled proof systems for modal logic",
	booktitle =  lpar15,
	year =         "2015",
	editor = "M.~Davis, A.~Fehnker, A.~McIver and A.~Voronkov",
	pages = "266--280",
	series= lncs,
	volume = "9450"
}

@Article{mints:psim68,
	Author = {G.E. {Mints}},
	Title = {{Some calculi of modal logic.}},
	Journal = {{Proceedings of the Steklov Institute of Mathematics}},
	Volume = {98},
	Pages = {97--124},
	Year = {1968},
	Publisher = {Springer US, New York, NY; Pleiades Publishing, New York, NY; MAIK ``Nauka/Interperiodica'', Moscow},
}

@article{moggi:ic91,
	author    = {Eugenio Moggi},
	title     = {Notions of Computation and Monads},
	journal   = {Information and Computation},
	volume    = {93},
	number    = {1},
	pages     = {55--92},
	year      = {1991},
	url       = {https://doi.org/10.1016/0890-5401(91)90052-4},
	doi       = {10.1016/0890-5401(91)90052-4},
}

@mastersThesis{murawska:thesis13,
	author =       "Agata Murawska",
	title =        "Intuitionistic Modal Logic {IS5}: Formalizations, Interpretation, Analysis",
	school =      "University of Wroclaw",
	year =         "2013",
}

%%%%%%%%%%%%%%%%%%%%%%%%%%%%%%%%%%%%%%%%%%%%%%%%%%%%%%%%N
@article{negri:aml03,
	author    = {Sara Negri},
	title     = {Contraction-free sequent calculi for geometric theories with an application to {B}arr's theorem},
	journal   = {Archive for Mathematical Logic},
	volume    = {42},
	number    = {4},
	pages     = {389--401},
	year      = {2003},
	url       = {https://doi.org/10.1007/s001530100124},
	doi       = {10.1007/s001530100124},
}

@article{negri:jpl05,
	author = {Sara Negri},
	title = {Proof Analysis in Modal Logics},
	journal = {Journal of Philosophical Logic},
	year = 2005,
	volume = {34},
	pages = {507--544},
	doi =          "10.1007/s10992-005-2267-3",
}

@inproceedings{negri:lnl05,
	author = {Sara Negri}, 
	title = {Proof analysis in non-classical logics}, 
	series = {Logic Colloquium},  
	booktitle = {Lecture Notes in Logic},
	volume = {28}, 
	year = 2005, 
	pages = {107--128},
}

@article {negri:pc11,
	author = {Negri, Sara},
	title = {Proof Theory for Modal Logic},
	journal = {Philosophy Compass},
	volume = {6},
	number = {8},
	publisher = {Blackwell Publishing Ltd},
	issn = {1747-9991},
	url = {http://dx.doi.org/10.1111/j.1747-9991.2011.00418.x},
	doi = {10.1111/j.1747-9991.2011.00418.x},
	pages = {523--538},
	year = {2011},
}

@article{negri:jlc14,
	title={Proof analysis beyond geometric theories: from rule systems to systems of rules},
	author={Negri, Sara},
	journal={Journal of Logic and Computation},
	volume={26},
	number={2},
	pages={513--537},
	year={2014},
	publisher={Dov Gabbay}
}

@article{negri:ifcl16,
	title={Proof theory for non-normal modal logics: The neighbourhood formalism and basic results},
	author={Negri, Sara},
	journal={IFCoLog Journal of Logic and its Applications, to appear},
	year={2016}
}

@article{negri:vonplato:bsl98,
	title={Cut Elimination in the Presence of Axioms}, 
	author={Sara Negri  and Jan von Plato},
	journal={Bulletin of Symbolic Logic}, 
	publisher={Cambridge University Press},
	volume={4}, 
	number={4},
	pages={418â€“435},
	year={1998},
	doi={10.2307/420956},   
}

@book{negri:vonplato:01,
	author    = {Sara Negri and Jan von Plato},
	title     = {Structural proof theory},
	publisher = {Cambridge University Press},
	year      = {2001},
	isbn      = {978-0-521-79307-0},
}

@inCollection{nerode:90,
	title={Some lectures on intuitionistic logic},
	author={Nerode, Anil},
	editor = {Piergiorgio Odifreddi},
	booktitle={Logic and Computer Science},
	volume={1429},
	pages={12--59},
	year={1990},
	publisher="Springer Berlin Heidelberg",
}

@InCollection{nerode:91,
	author="Nerode, Anil",
	editor="Bauer, Friedrich L.",
	title="Some Lectures on Modal Logic",
	bookTitle="Logic, Algebra, and Computation: International Summer School",
	year="1991",
	publisher="Springer Berlin Heidelberg",
	pages="281--334",
	doi="10.1007/978-3-642-76799-9_8",
	url="https://doi.org/10.1007/978-3-642-76799-9_8"
}

%%%%%%%%%%%%%%%%%%%%%%%%%%%%%%%%%%%%%%%%%%%%%%%%%%%%%%%%O

@article{ohnishi:matsumoto:ojm57,
	author = "Ohnishi, Masao and Matsumoto, Kazuo",
	journal = "Osaka Journal of Mathematics",
	number = "2",
	pages = "113--130",
	publisher = "Osaka University and Osaka City University, Departments of Mathematics",
	title = "Gentzen method in modal calculi",
	url = "https://projecteuclid.org:443/euclid.ojm/1200689157",
	volume = "9",
	year = "1957"
}

@article{ohnishi:matsumoto:ojm59,
	author = "Ohnishi, Masao and Matsumoto, Kazuo",
	journal = "Osaka Mathematical Journal",
	number = "2",
	pages = "115--120",
	publisher = "Osaka University and Osaka City University, Departments of Mathematics",
	title = "Gentzen method in modal calculi {II}",
	url = "https://projecteuclid.org:443/euclid.ojm/1200689632",
	volume = "11",
	year = "1959"
}

@article{ono:prims77,
	title={On Some Intuitionistic Modal Logics},
	author={Hiroakira Ono},
	journal={Publications of the Research Institute for Mathematical Sciences},
	volume={13},
	number={3},
	pages={687-722},
	year={1977},
	publisher={Research Institute for Mathematical Sciences},
	doi={10.2977/prims/1195189604},
}

@article{ono:suzuki:rml88,
	title={Relations between intuitionistic modal logics and intermediate predicate logics},
	author={Ono, Hiroakira and Suzuki, Nobu-Yuki},
	journal={Reports on Mathematical Logic},
	volume={22},
	pages={65--87},
	year={1988}
}

%%%%%%%%%%%%%%%%%%%%%%%%%%%%%%%%%%%%%%%%%%%%%%%%%%%%%%%%P

@article{pfenning:davies:mscs01,
	author    = {Frank Pfenning and Rowan Davies},
	title     = {A judgmental reconstruction of modal logic},
	journal   = {Mathematical Structures in Computer Science},
	volume    = {11},
	number    = {4},
	year      = {2001},
	pages     = {511--540},
	note =         "Notes to an invited talk at the Workshop on Intuitionistic Modal Logics and Applications (IMLA'99)",
}

@article{pfenning:wong:entcs95,
	author    = {Frank Pfenning and Hao{-}Chi Wong},
	title     = {On a modal lambda calculus for {S4}},
	journal   = {Electronic Notes in Theoretical Computer Science},
	volume    = {1},
	pages     = {515--534},
	year      = {1995},
	url       = {https://doi.org/10.1016/S1571-0661(04)00028-3},
	doi       = {10.1016/S1571-0661(04)00028-3},
}

@InProceedings{plotkin:stirling:86,
	author="Gordon D. Plotkin and Colin P. Stirling",
	title="A framework for intuitionistic modal logic",
	editor="J. Y. Halpern",
	booktitle="1st Conference on Theoretical Aspects of Reasoning About Knowledge",
	publisher =    "Morgan Kaufmann",
	year=1986
}

@InProceedings{poggiolesi:tmp09,
	author =       "Francesca Poggiolesi",
	title =        "The Method of Tree-Hypersequents for Modal Propositional Logic",
	booktitle =    "Towards Mathematical Philosophy",
	volume =       "28",
	year =         "2009",
	pages =        "31--51",
	series =       "Trends in Logic",
	publisher =    "Springer",
}

@book{poggiolesi:10,
	title={Gentzen calculi for modal propositional logic},
	author={Poggiolesi, Francesca},
	volume={32},
	year={2010},
	publisher={Springer Science \& Business Media}
}

@article{pottinger:jsl83,
	author    = {Pottinger, G.},
	title     = {Uniform cut-free formulations of {T}, {S4} and {S5} (abstract)},
	journal   = {Journal of Symbolic Logic},
	volume    = {48},
	pages     = {900},
	year      = {1983},
	doi       = {10.2307/2273495},
}

@book{prawitz:65,
	author="Dag Prawitz",
	title="Natural Deduction, A Proof-Theoretical Study",
	publisher="Almq.\ and Wiksell",
	city="Stockholm",
	year=1965
}

@book{prior:57,
	title={Time and Modality},
	author={Prior, Arthur},
	year={1957},
	publisher={John Locke Lecture, 2003}
}

%%%%%%%%%%%%%%%%%%%%%%%%%%%%%%%%%%%%%%%%%%%%%%%%%%%%%%%%Q

%%%%%%%%%%%%%%%%%%%%%%%%%%%%%%%%%%%%%%%%%%%%%%%%%%%%%%%%R
@inproceedings{ramanayake:ijcar16,
	author    = {Revantha Ramanayake},
	title     = {Inducing Syntactic Cut-Elimination for Indexed Nested Sequents},
	booktitle = {Automated Reasoning - 8th International Joint Conference, {IJCAR} 2016, Coimbra, Portugal, June 27 - July 2, 2016, Proceedings},
	pages     = {416--432},
	year      = {2016},
	url       = {https://doi.org/10.1007/978-3-319-40229-1_29},
	doi       = {10.1007/978-3-319-40229-1_29},
}

@article{read:rsl15,
	author = {Stephen Read}, 
	title = {Semantic pollution and syntactic purity}, 
	journal = {The Review of Symbolic Logic},
	volume = {8},
	number={4},
	year = 2015, 
	pages = {649--661},
	publisher={Cambridge University Press}
}

@Unpublished{reed:pfenning:10,
	author =       "Jason Reed and Frank Pfenning",
	title =        "Focus-preserving Embeddings of Substructural Logics in Intuitionistic Logic",
	year =         "2010",
	note =         "Draft manuscript",
}

@unpublished{restall:06,
	author = {Greg Restall},
	title = {Comparing Modal Sequent Systems},
	note = {Paper submitted to Advances in Modal Logic 7},
	year = {2006},
}

@inproceedings{restall:lc07,
	author = {Restall, Greg},
	editor = {C. Dimitracopoulos and L. Newelski and D. Normann},
	title = {Proofnets for {S}5: sequents and circuits for modal logic},
	booktitle = {Logic Colloquium 2005},
	year = {2007},
	series = {Lecture Notes in Logic},
	volume = {28},
	publisher = {Cambridge University Press},
	pages = {151-172},
}

@inproceedings{russo:frocos96,
	author = {Russo, Alessandra},
	title = {Generalising propositional modal logic using labelled deductive systems},
	booktitle = {Proceedings of Frontiers of Combining Systems (FroCoS)},
	year = 1996,
	publisher = {Kluwer Academic Publisher},
	pages = {57--73},
}

%%%%%%%%%%%%%%%%%%%%%%%%%%%%%%%%%%%%%%%%%%%%%%%%%%%%%%%%S
@inproceedings{sahlqvist:sls75,
	author = {Henrik Sahlqvist}, 
	title = {Completeness and correspondence in first and second order semantics for modal logic}, 
	editor = {N. H. S. Kanger}, 
	booktitle = {Proceedings of the Third Scandinavian Logic Symposium}, 
	year = 1975, 
	pages = {110--143}
}

@article{sambin:valentini:jpl82,
	author="Sambin, Giovanni and Valentini, Silvio",
	title="The modal logic of provability. {T}he sequential approach",
	journal="Journal of Philosophical Logic",
	year="1982",
	volume="11",
	number="3",
	pages="311--342",
	doi="10.1007/BF00293433",
	url="https://doi.org/10.1007/BF00293433"
}

@article{sato:jsl80,
	author={Sato, Masahiko},
	title={A cut-free {G}entzen-type system for the modal logic {S5}},
	volume={45}, 
	number={1}, 
	journal={Journal of Symbolic Logic},
	publisher={Cambridge University Press},
	year={1980},
	pages={67â€“84}}
doi={10.2307/2273355}, 
}

@misc{schmidt:tools,
	author = {Renate A. Schmidt},
	title = {AIML Tools},
	howpublished = {\url{http://www.cs.man.ac.uk/{\raise.17ex\hbox{$\mathtt{\scriptstyle\sim}$}}schmidt/tools/}},
	year = {2017},
}

@InCollection{scott:70,
author="Scott, Dana",
editor="Lambert, Karel",
title="Advice on Modal Logic",
bookTitle="Philosophical Problems in Logic: Some Recent Developments",
publisher="Springer Netherlands",
address="Dordrecht",
pages="143--173",
doi="10.1007/978-94-010-3272-8_7",
url="https://doi.org/10.1007/978-94-010-3272-8_7",
year="1970",
}

@InCollection{shvarts:89,
	author="Shvarts, Grigori F.",
	editor="Meyer, Albert R. and Taitslin, Michael A.",
	title="Gentzen style systems for {K45} and {K45D}",
	bookTitle="Logic at Botik '89: Symposium on Logical Foundations of Computer Science Pereslavl-Zalessky, USSR, July 3--8, 1989 Proceedings",
	year="1989",
	publisher="Springer Berlin Heidelberg",
	pages="245--256",
	doi="10.1007/3-540-51237-3_20",
	url="https://doi.org/10.1007/3-540-51237-3_20"
}

@article{siemens:ndjfl77,
	author = "Siemens, David F.",
	title = "Fitch-style rules for many modal logics.",
	doi = "10.1305/ndjfl/1093888133",
	journal = "Notre Dame Journal of Formal Logic",
	number = "4",
	pages = "631--636",
	publisher = "Duke University Press",
	url = "https://doi.org/10.1305/ndjfl/1093888133",
	volume = "18",
	year = "1977",
}

@article{simmons:acm13,
	author    = {Robert J. Simmons},
	title     = {Structural Focalization},
	journal   = {{ACM} Transactions on Computational Logic},
	volume    = {15},
	number    = {3},
	pages     = {21:1--21:33},
	year      = {2014},
	doi       = {10.1145/2629678},
}

@PhdThesis{simpson:phd94,
	author =       "Alex Simpson",
	title =        "The Proof Theory and Semantics of Intuitionistic Modal Logic",
	year =         "1994",
	school =       "University of Edinburgh",
}

@inproceedings{stewart:stouppa:aml04,
	author = {Charles Stewart and Phiniki Stouppa}, 
	title = {A systematic proof theory for several modal logics}, 
	editor = {R.~A. Schmidt, I.~Pratt{-}Hartmann, M.~Reynolds and H.~Wansing},
	booktitle = {Advances in Modal Logic 5, Manchester},
	year = 2004, 
	pages = {309--333},
	url ={http://www.aiml.net/volumes/volume5/Stewart.ps}
}

@article{stirling:tcs87,
	title={Modal logics for communicating systems},
	author={Stirling, Colin},
	journal={Theoretical Computer Science},
	volume={49},
	number={2},
	pages={311--347},
	year={1987},
	publisher={Elsevier},
	doi = "https://doi.org/10.1016/0304-3975(87)90012-0",
	url = "http://www.sciencedirect.com/science/article/pii/0304397587900120",
}

@mastersThesis{stouppa:thesis04,
	title={The design of modal proof theories: the case of {S5}},
	author={Stouppa, Phiniki},
	school ={Technische Universit{\"a}t Dresden},
	year={2004},
}

@inproceedings{strassburger:fossacs13,
	author    = {Lutz Stra{\ss}burger},
	title     = {Cut Elimination in Nested Sequents for Intuitionistic Modal Logics},
	booktitle = {FoSSaCS'13},
	year      = {2013},
	pages     = {209-224},
	editor    = {Frank Pfenning},
	publisher = {Springer},
	series    = {LNCS},
	volume    = {7794},
}

@article{suzuki:sl89,
	title={An algebraic approach to intuitionistic modal logics in connection with intermediate predicate logics},
	author={Suzuki, Nobu-Yuki},
	journal={Studia Logica},
	volume={48},
	number={2},
	pages={141--155},
	year={1989},
	publisher={Springer},
}

%%%%%%%%%%%%%%%%%%%%%%%%%%%%%%%%%%%%%%%%%%%%%%%%%%%%%%%%T
@article{tapscott:ndjfl87,
	title={A simplified natural deduction approach to certain modal systems.},
	author={Tapscott, Bangs L.},
	journal={Notre Dame Journal of Formal Logic},
	volume={28},
	number={3},
	pages={371--384},
	year={1987},
	publisher={University of Notre Dame},
}

@article{takano:ndjfl92,
	title={Subformula Property as a substitute for Cut-Elimination in Modal Propositional Logics},
	author={Takano, Mitio},
	journal={Mathematica  Japonica},
	volume={37},
	number={6},
	pages={1129--1145},
	year={1992},
}

@article{terui:jsl07,
	author = {Terui, Kazushige},
	title = {Which Structural Rules Admit Cut Elimination? {A}n Algebraic Criterion},
	journal = {Journal of Symbolic Logic},
	year = {2007},
	volume = {72},
	number = {3},
	pages = {738-754},
}

@Article{tiu:lmcs06,
	author =       "Alwen Tiu",
	title =        "A System of Interaction and Structure {II}: {T}he Need for Deep Inference",
	journal =      "Logical Methods in Computer Science",
	volume =       "2",
	number =       "2",
	pages =        "1--24",
	year =         "2006",
	URL =          "http://arxiv.org/pdf/cs.LO/0512036",
	doi       = {10.2168/LMCS-2(2:4)2006},
}

@book{troelstra:schwichtenberg:00,
	title={Basic proof theory},
	author={Troelstra, Anne Sjerp and Schwichtenberg, Helmut},
	volume={43},
	year={2000},
	publisher={Cambridge University Press}
}


%%%%%%%%%%%%%%%%%%%%%%%%%%%%%%%%%%%%%%%%%%%%%%%%%%%%%%%%U
%%%%%%%%%%%%%%%%%%%%%%%%%%%%%%%%%%%%%%%%%%%%%%%%%%%%%%%%V

@book{vigano:00,
	author = {Vigan\`o, Luca},
	title = {Labelled Non-Classical Logic},
	year = 2000,
	publisher = {Kluwer Academic Publisher},
}

%%%%%%%%%%%%%%%%%%%%%%%%%%%%%%%%%%%%%%%%%%%%%%%%%%%%%%%%W
@article{wansing:igpl98,
	title={Translation of hypersequents into display sequents},
	author={Wansing, Heinrich},
	journal={Logic Journal of IGPL},
	volume={6},
	number={5},
	pages={719--734},
	year={1998},
	publisher={Oxford University Press},
}

@inCollection{wansing:02,
	title={Sequent systems for modal logics},
	author={Wansing, Heinrich},
	booktitle={Handbook of Philosophical Logic},
	editor = {Gabbay, Dov M. and Guenthner, Franz},
	volume={8},
	pages={61--145},
	year={2002},
	publisher={Springer}
}

@article{wijesekera:apal90,
	title={Constructive modal logics {I}},
	author={Wijesekera, Duminda},
	journal={Annals of Pure and Applied Logic},
	volume={50},
	number={3},
	pages={271--301},
	year={1990},
	publisher={Elsevier}
}

@article{wijesekera:nerode:apal05,
	title={Tableaux for constructive concurrent dynamic logic},
	author={Wijesekera, Duminda and Nerode, Anil},
	journal={Annals of Pure and Applied Logic},
	volume={135},
	number={1-3},
	pages={1--72},
	year={2005},
	publisher={Elsevier}
}

%%%%%%%%%%%%%%%%%%%%%%%%%%%%%%%%%%%%%%%%%%%%%%%%%%%%%%%%X
%%%%%%%%%%%%%%%%%%%%%%%%%%%%%%%%%%%%%%%%%%%%%%%%%%%%%%%%Y
%%%%%%%%%%%%%%%%%%%%%%%%%%%%%%%%%%%%%%%%%%%%%%%%%%%%%%%%Z
@InProceedings{zeilberger:popl08,
	title =        "Focusing and higher-order abstract syntax",
	author =       "Noam Zeilberger",
	booktitle =    "Proceedings of the 35th {ACM} {SIGPLAN}-{SIGACT} Symposium on Principles of Programming Languages,{POPL} 2008, San Francisco, California, {USA}, January 7-12, 2008",
	publisher =    "ACM",
	year =         "2008",
	pages =        "359--369",
	URL =          "http://dl.acm.org/citation.cfm?id=1328438",
}
