@INPROCEEDINGS{self,
  author = {First Author and Second Author},
  title = {This is the title of the paper},
  booktitle = {Proceedings of Advances in Modal Logic},
  year = {2014},
  publisher = {College Publications},
  pages = {1--2}
}

@article{kashima1994cut,
  title={Cut-free sequent calculi for some tense logics},
  author={Kashima, Ryo},
  journal={Studia Logica},
  pages={119--135},
  year={1994},
  publisher={JSTOR}
}

@incollection{poggiolesi2009method,
  title={The method of tree-hypersequents for modal propositional logic},
  author={Poggiolesi, Francesca},
  booktitle={Towards mathematical philosophy},
  pages={31--51},
  year={2009},
  publisher={Springer}
}

@article{brunnler2009deep,
  title={Deep sequent systems for modal logic},
  author={Br{\"u}nnler, Kai},
  journal={Archive for Mathematical Logic},
  volume={48},
  number={6},
  pages={551--577},
  year={2009},
  publisher={Springer}
}

@article{bierman2000,
  author    = {Gavin M. Bierman and Valeria de Paiva},
  title     = {On an Intuitionistic Modal Logic},
  journal   = {Studia Logica},
  volume    = {65},
  number    = {3},
  year      = {2000},
  pages     = {383--416},
  url       = {https://doi.org/10.1023/A:1005291931660},
  doi       = {10.1023/A:1005291931660},
}

@inproceedings{strassburger2013cut,
  title={Cut elimination in nested sequents for intuitionistic modal logics},
  author={Stra{\ss}burger, Lutz},
  booktitle={International Conference on Foundations of Software Science and Computational Structures},
  pages={209--224},
  year={2013},
  organization={Springer}
}

@article{simpson1994proof,
  title={The proof theory and semantics of intuitionistic modal logic},
  author={Simpson, Alex K},
  year={1994},
  publisher={University of Edinburgh. College of Science and Engineering. School of~â€¦}
}

@inproceedings{plotkin1986,
  title={A framework for intuitionistic modal logics},
  author={Plotkin, Gordon and Stirling, Colin},
  booktitle={Proceedings of the 1st Conference on Theoretical Aspects of Reasoning about Knowledge (TARK)},
  pages={399--406},
  year={1986}
}

@article{ewald1986,
  title={Intuitionistic tense and modal logic},
  author={Ewald, WB},
  journal={The Journal of Symbolic Logic},
  volume={51},
  number={1},
  pages={166--179},
  year={1986},
  publisher={Cambridge University Press}
}

@article{fischer1984,
  title={Axiomatizations for some intuitionistic modal logics},
  author={Fischer Servi, Gis\`ele},
  journal={Rend. Sem. Mat. Univers. Politecn. Torino},
  volume={42},
  number={3},
  pages={179--194},
  year={1984}
}

@inproceedings{plotkin1986,
  title={A framework for intuitionistic modal logics},
  author={Plotkin, Gordon and Stirling, Colin},
  booktitle={Proceedings of the 1986 Conference on Theoretical aspects of reasoning about knowledge},
  pages={399--406},
  year={1986},
  organization={Morgan Kaufmann Publishers Inc.}
}
