@book{negri:vonplato:01,
	author    = {Sara Negri and Jan von Plato},
	title     = {Structural proof theory},
	publisher = {Cambridge University Press},
	year      = {2001},
	isbn      = {978-0-521-79307-0},
}

@Article{maffezioli:etal:synthese13,
	author="Maffezioli, Paolo and Naibo, Alberto and Negri, Sara",
	title="The {C}hurch--{F}itch knowability paradox in the light of structural proof theory",
	journal="Synthese",
	year="2013",
	volume="190",
	number="14",
	pages="2677--2716",
	doi="10.1007/s11229-012-0061-7",
	url="https://doi.org/10.1007/s11229-012-0061-7",
}

@article{negri:jpl2005,
  title={{P}roof analysis in modal logic},
  author={Negri, Sara},
  journal={Journal of Philosophical Logic},
  volume={34},
  number={5-6},
  pages={507},
  year={2005},
  publisher={Springer}
}

@phdthesis{simpson:phd,
  title={The proof theory and semantics of intuitionistic modal logic},
  author={Simpson, Alex K},
  year={1994},
  school={University of Edinburgh. College of Science and Engineering. School of Informatics.}
}

@book{vigano:00,
	author = {Vigan\`o, Luca},
	title = {Labelled Non-Classical Logic},
	year = 2000,
	publisher = {Kluwer Academic Publisher},
}

@article{fischer-servi:84,
	author="Gis\`ele Fischer Servi",
	title="Axiomatizations for some Intuitionistic Modal Logics",
	journal="Rendiconti del Seminario Matematico dell' Universit\`a Politecnica di Torino",
	volume= 42,
	number=3,
	pages="179--194",
	year=1984
}

@InProceedings{plotkin:stirling:86,
	author="Gordon D. Plotkin and Colin P. Stirling",
	title="A framework for intuitionistic modal logic",
	editor="J. Y. Halpern",
	booktitle="1st Conference on Theoretical Aspects of Reasoning About Knowledge",
	publisher =    "Morgan Kaufmann",
	year=1986
}

@article{ewald:jsl86,
	title={Intuitionistic tense and modal logic},
	author={Ewald, W.~B.},
	journal={The Journal of Symbolic Logic},
	volume={51},
	number={1},
	pages={166--179},
	year={1986},
	publisher={Cambridge University Press},
	url= {https://doi.org/10.2307/2273953},
	doi= {10.2307/2273953},
}

@book{gabbay:96,
	author = {Gabbay, Dov M.},
	title = {Labelled {D}eductive {S}ystems},
	year = 1996,
	publisher = {Clarendon Press},
}

@InCollection{nerode:91,
	author="Nerode, Anil",
	editor="Bauer, Friedrich L.",
	title="Some Lectures on Modal Logic",
	bookTitle="Logic, Algebra, and Computation: International Summer School",
	year="1991",
	publisher="Springer Berlin Heidelberg",
	pages="281--334",
	doi="10.1007/978-3-642-76799-9_8",
	url="https://doi.org/10.1007/978-3-642-76799-9_8"
}

@InCollection{avron:elc96,
	author =       {Arnon Avron},
	title =        {The Method of Hypersequents in the Proof Theory of Propositional Non-Classical Logics},
	booktitle =    {Logic: from foundations to applications: European logic colloquium},
	year =         {1996},
	pages =        {1--32},
	publisher =    {Clarendon Press},
}

@article{masini:apal92,
	author = {Masini, Andrea}, 
	title = {2-sequent calculus: {A} proof theory of modalities}, 
	journal = {Annals of Pure and Applied Logic},
	volume = {58},
	year = 1992, 
	pages = {229--246}
}

@inproceedings{str:fossacs13,
	author    = {Lutz Stra{\ss}burger},
	title     = {Cut Elimination in Nested Sequents for Intuitionistic Modal Logics},
	booktitle = {FoSSaCS'13},
	year      = {2013},
	pages     = {209-224},
	editor    = {Frank Pfenning},
	publisher = {Springer},
	series    = {LNCS},
	volume    = {7794},
}

@misc{marin:etal:submitted,
  title={From axioms to synthetic inference rules via focusing},
  author={Marin, Sonia and Miller, Dale and Pimentel, Elaine and Volpe, Marco},
  year={2020}
}

@inproceedings{marin:str:aiml,
	title = {Label-free Modular Systems for Classical and Intuitionistic Modal Logics},
	author = {Marin, Sonia and Stra{\ss}burger, Lutz},
	editor={Rajeev Gor\'e and Agi Kurucz},
	booktitle = {Advances in Modal Logic 10, Groningen},
	year = {2014},
	URL = {https://hal.inria.fr/hal-01092148},
	pages={387-406}
}

@book{fitting:83,
	author = {Melvin Fitting}, 
	title = {Proof Methods for Modal and Intuitionistic Logics},
	series = {Synthese Library},
	volume = {169}, 
	publisher = {D. Reidel Publishing Co., Dordrecht}, 
	year = 1983
}

@article{fitch:pm48,
	author="Frederic B. Fitch ",
	title="Intuitionistic Modal Logic with Quantifiers",
	journal="Portugaliae Mathematica",
	volume= 7,
	number=2,
	pages="113--118",
	year=1948,
}

@article{wijesekera:apal90,
	title={Constructive modal logics {I}},
	author={Wijesekera, Duminda},
	journal={Annals of Pure and Applied Logic},
	volume={50},
	number={3},
	pages={271--301},
	year={1990},
	publisher={Elsevier}
}

@article{wijesekera:nerode:apal05,
	title={Tableaux for constructive concurrent dynamic logic},
	author={Wijesekera, Duminda and Nerode, Anil},
	journal={Annals of Pure and Applied Logic},
	volume={135},
	number={1-3},
	pages={1--72},
	year={2005},
	publisher={Elsevier}
}

@article{benton:etal:jfp98,
	author    = {P. Nick Benton and Gavin M. Bierman and Valeria de Paiva},
	title     = {Computational Types from a Logical Perspective},
	journal   = {Journal of Functional Programming},
	volume    = {8},
	number    = {2},
	pages     = {177--193},
	year      = {1998},
}

@article{kashima:sl94,
	author    = {Ryo Kashima},
	title     = {Cut-Free Sequent Calculi for Some Tense Logics},
	journal   = {Studia Logica},
	volume    = {53},
	number    = {1},
	year      = {1994},
	pages     = {119--136},
}

@article{brunnler:aml09,
	author = {Br{\"u}nnler, Kai},
	title = {Deep Sequent Systems for Modal Logic},
	journal = {Archive for Mathematical Logic},
	year = {2009},
	volume = {48},
	number = {6},
	pages = {551-577},
}

@InProceedings{poggiolesi:tmp09,
	author =       "Francesca Poggiolesi",
	title =        "The Method of Tree-Hypersequents for Modal Propositional Logic",
	booktitle =    "Towards Mathematical Philosophy",
	volume =       "28",
	year =         "2009",
	pages =        "31--51",
	series =       "Trends in Logic",
	publisher =    "Springer",
}

@inproceedings{mar:str:tableaux17,
	author="Marin, Sonia and Stra{\ss}burger, Lutz",
	editor="Schmidt, Renate A. and Nalon, Cl{\'a}udia",
	title="Proof Theory for Indexed Nested Sequents",
	bookTitle="Automated Reasoning with Analytic Tableaux and Related Methods: 26th International Conference, TABLEAUX 2017, Bras{\'\i}lia, Brazil, September 25--28, 2017, Proceedings",
	year="2017",
	publisher="Springer International Publishing",
	pages="81--97",
}

@article{str:2017maehara,
  title={Maehara-style Modal Nested Calculi},
  author={Stra{\ss}burger, Lutz and Kuznets, Roman},
  journal = "Archive for Mathematical Logic",
  volume    = {58},
  number    = {3-4},
  pages     = {359--385},
  year={2019}
}

@inproceedings{lellmann:tableaux15,
	author = {Lellmann, Bj{\"o}rn}, 
	title = {Linear Nested Sequents, 2-Sequents and Hypersequents},
	booktitle = {TABLEAUX: Automated Reasoning with Analytic Tableaux and Related Methods},
	year = 2015,
	pages = {135--150},
	url = {https://doi.org/10.1007/978-3-319-24312-2_10},
	doi = {10.1007/978-3-319-24312-2_10},
}

@article{dalmonte:grellois:olivetti:arxiv19,
	author    = {Tiziano Dalmonte and
	Charles Grellois and
	Nicola Olivetti},
	title     = {Intuitionistic Non-Normal Modal Logics: {A} general framework},
	journal   = {CoRR},
	volume    = {abs/1901.09812},
	year      = {2019},
	url       = {http://arxiv.org/abs/1901.09812},
	archivePrefix = {arXiv},
	eprint    = {1901.09812},
	timestamp = {Sat, 02 Feb 2019 16:56:00 +0100},
	biburl    = {https://dblp.org/rec/bib/journals/corr/abs-1901-09812},
	bibsource = {dblp computer science bibliography, https://dblp.org}
}

@article{bovzic1984models,
  title={Models for normal intuitionistic modal logics},
  author={Bo{\v{z}}i{\'c}, Milan and Do{\v{s}}en, Kosta},
  journal={Studia Logica},
  volume={43},
  number={3},
  pages={217--245},
  year={1984},
  publisher={Springer}
}

@article{maffezioli2014,
  title={Proof theory of epistemic logic of programs},
  author={Maffezioli, Paolo and Naibo, Alberto},
  journal={Logic and Logical Philosophy},
  volume={23},
  number={3},
  pages={301--328},
  year={2014}
}

@article{dyckhoff2012,
  title={Proof analysis in intermediate logics},
  author={Dyckhoff, Roy and Negri, Sara},
  journal={Archive for Mathematical Logic},
  volume={51},
  number={1-2},
  pages={71--92},
  year={2012},
  publisher={Springer}
}

@book{troelstra:schwichtenberg:00,
author="Anne Sjerp Troelstra and Helmut Schwichtenberg",
title="Basic Proof Theory",
edition="Second",
publisher=cup,
year=2000
}

@book{girard:87:a,
   author =  {Girard, Jean-Yves},
   title =   {Proof Theory and Logical Complexity, Volume I},
   year =    1987,
   volume =  1,
   series="Studies in Proof Theory",
publisher = {Bibliopolis, edizioni di filosofia e scienze},
city = Napoli
}

@article{arisaka:etal:lmcs15,
	author = {Ryuta Arisaka and Anupam Das and Lutz Stra{\ss}burger},
	title = {On Nested Sequents for Constructive Modal Logic},
	journal = {Logical Methods in Computer Science},
	year = 2015
}

@article{mendler:scheele:ic11,
	author    = {Michael Mendler and Stephan Scheele},
	title     = {Cut-free {G}entzen calculus for multimodal {CK}},
	journal   = {Information and Computation},
	volume    = {209},
	number    = {12},
	year      = {2011},
}

@article{bierman:depaiva:sl00,
	author    = {Gavin M. Bierman and Valeria de Paiva},
	title     = {On an Intuitionistic Modal Logic},
	journal   = {Studia Logica},
	volume    = {65},
	number    = {3},
	year      = {2000},
	pages     = {383--416},
	url       = {https://doi.org/10.1023/A:1005291931660},
	doi       = {10.1023/A:1005291931660},
}
