@article{Maffezioli,
	title={The {C}hurch--{F}itch knowability paradox in the light of structural proof theory},
	author={Maffezioli, Paolo and Naibo, Alberto and Negri, Sara},
	journal={Synthese},
	volume={190},
	number={14},
	pages={2677--2716},
	year={2013},
	publisher={Springer}
}

@article{Negri,
  title={{P}roof analysis in modal logic},
  author={Negri, Sara},
  journal={Journal of Philosophical Logic},
  volume={34},
  number={5-6},
  pages={507},
  year={2005},
  publisher={Springer}
}

@article{Simpson,
  title={The proof theory and semantics of intuitionistic modal logic},
  author={Simpson, Alex K},
  year={1994},
  journal={University of Edinburgh. College of Science and Engineering. School of Informatics.}
}

@article{Vigano,
  title={Labelled non-classical logics},
  author={Vigan\`o, Luca},
  year={2000},
  journal={Kluwer Academic Publisher}
}

@article{Fischer,
  title={Axiomatizations for some intuitionistic modal logics},
  author={Servi, G Fischer},
  journal={Rend. Sem. Mat. Univers. Politecn. Torino},
  volume={42},
  number={3},
  pages={179--194},
  year={1984}
}

@inproceedings{Plotkin,
  title={A framework for intuitionistic modal logics},
  author={Plotkin, Gordon and Stirling, Colin},
  booktitle={Proceedings of the 1986 Conference on Theoretical aspects of reasoning about knowledge},
  pages={399--406},
  year={1986},
  organization={Morgan Kaufmann Publishers Inc.}
}

@article{Ewald,
  title={Intuitionistic tense and modal logic},
  author={Ewald, WB},
  journal={The Journal of Symbolic Logic},
  volume={51},
  number={1},
  pages={166--179},
  year={1986},
  publisher={Cambridge University Press}
}

@article{Gabbay,
  title={Labelled deductive systems},
  author={Gabbay, Dov M},
  journal={Clarendon Press},
  year={1996}
}
